@Article{Lieb2014246,
  Title                    = {Efficient Global Element Indexing for Parallel Adaptive Flow Solvers },
  Author                   = {Lieb, Michael and Tobias Neckel and Thomas Schöps and Hans-Joachim Bungartz},
  Journal                  = {Procedia Computer Science },
  Year                     = {2014},
  Note                     = {2014 International Conference on Computational Science },
  Pages                    = {246 -- 255},
  Volume                   = {29},
}

@Article{Siegel2013901,
  Title                    = {The effect of load imbalances on the performance of Monte Carlo algorithms in \{LWR\} analysis },
  Author                   = { Siegel, A.R. and K. Smith and P.K. Romano and B. Forget and K. Felker},
  Journal                  = {Journal of Computational Physics },
  Year                     = {2013},
  Pages                    = {901 -- 911},
  Volume                   = {235},
}

@Article{Verleye201310,
  Title                    = {Implementation of a 2D electrostatic Particle-in-Cell algorithm in unified parallel C with dynamic load-balancing },
  Author                   = {Verleye, B. and P. Henri and R. Wuyts and G. Lapenta and K. Meerbergen},
  Journal                  = {Computers \& Fluids },
  Year                     = {2013},
  Note                     = {Selected contributions of the 23rd International Conference on Parallel Fluid Dynamics ParCFD2011 },
  Pages                    = {10 -- 16},
  Volume                   = {80},
}

@Article{Dong20121254,
  Title                    = {A dynamic and adaptive load balancing strategy for parallel file system with large-scale I/O servers },
  Author                   = {Dong, Bin and Xiuqiao Li and Qimeng Wu and Limin Xiao and Li Ruan},
  Journal                  = {Journal of Parallel and Distributed Computing },
  Year                     = {2012},
  Number                   = {10},
  Pages                    = {1254 -- 1268},
  Volume                   = {72},
}

@Electronic{Vieira,
  Title                    = {Update on laser ionization seeding simulations},
  Author                   = {Vieira J. and Muggli, P. and Silva, L.},
  Url                      = {https://indico.cern.ch/event/254768/session/8/contribution/13/attachments/445763/618218/AWAKE_Duesseldorf.pdf},
  Year                     = {2013},
}

@Article{Nicolae2013698,
  Title                    = {BlobCR: Virtual disk based checkpoint-restart for HPC applications on IaaS clouds },
  Author                   = {Nicolae, Bogdan and Cappello, Franck},
  Journal                  = {Journal of Parallel and Distributed Computing },
  Year                     = {2013},
  Number                   = {5},
  Pages                    = {698 -- 711},
  Volume                   = {73},
}

@Article{Casanova20157,
  Title                    = {On the impact of process replication on executions of large-scale parallel applications with coordinated checkpointing },
  Author                   = {Casanova, Henri and Yves Robert and Frédéric Vivien and Dounia Zaidouni},
  Journal                  = {Future Generation Computer Systems },
  Year                     = {2015},
  Note                     = {Special Section: A Note on New Trends in Data-Aware Scheduling and Resource Provisioning in Modern HPC Systems },
  Pages                    = {7 -- 19},
  Volume                   = {51},
}

@Article{Defour20161,
  Title                    = {A software scheduling solution to avoid corrupted units on GPUs },
  Author                   = {Defour, David and Petit, Eric},
  Journal                  = {Journal of Parallel and Distributed Computing },
  Year                     = {2016},
  Pages                    = {1 -- 8},
  Volume                   = {90–91},
}

@Article{Hursey201215,
  Title                    = {Analyzing fault aware collective performance in a process fault tolerant MPI },
  Author                   = {Hursey, Joshua and  Graham, Richard L.},
  Journal                  = {Parallel Computing },
  Year                     = {2012},
  Note                     = {Extensions for Next-Generation Parallel Programming Models },
  Number                   = {1–2},
  Pages                    = {15 -- 25},
  Volume                   = {38},
}

@Article{Dongarra2013212,
  Title                    = {Hierarchical QR factorization algorithms for multi-core clusters },
  Author                   = {Dongarra, Jack and Mathieu Faverge and Thomas Hérault and Mathias Jacquelin and Julien Langou and Yves Robert},
  Journal                  = {Parallel Computing },
  Year                     = {2013},
  Number                   = {4–5},
  Pages                    = {212 -- 232},
  Volume                   = {39},
}

@Article{Wittmann2013924,
  Title                    = {Comparison of different propagation steps for lattice Boltzmann methods },
  Author                   = { Wittmann, Markus and Thomas Zeiser and Georg Hager and Gerhard Wellein},
  Journal                  = {Computers \& Mathematics with Applications },
  Year                     = {2013},
  Note                     = {Mesoscopic Methods in Engineering and Science },
  Number                   = {6},
  Pages                    = {924 -- 935},
  Volume                   = {65},
}

@Article{Safi2016170,
  Title                    = {GPGPU-based rising bubble simulations using a MRT lattice Boltzmann method coupled with level set interface capturing },
  Author                   = {Safi, Mohammad Amin and Turek, Stefan},
  Journal                  = {Computers \& Fluids },
  Year                     = {2016},
  Note                     = {Special Issue for ICMMES-2014 },
  Pages                    = {170 -- 184},
  Volume                   = {124},
}

@Article{Newman2016877,
  Title                    = {A communication-avoiding implicit–explicit method for a free-surface ocean model },
  Author                   = {Newman,  Christopher and Geoffrey Womeldorff and Dana A. Knoll and Luis Chacón},
  Journal                  = {Journal of Computational Physics },
  Year                     = {2016},
  Pages                    = {877 -- 894},
  Volume                   = {305},
}

@Article{Notay2015237,
  Title                    = {A massively parallel solver for discrete Poisson-like problems },
  Author                   = {Notay, Yvan and Artem Napov},
  Journal                  = {Journal of Computational Physics },
  Year                     = {2015},
  Pages                    = {237 -- 250},
  Volume                   = {281},
}

Article{Krause2016164,
  Title                    = {Enabling local time stepping in the parallel implicit solution of reaction–diffusion equations via space-time finite elements on shallow tree meshes },
  Author                   = {Krause, D. and Krause, R.},
  Journal                  = {Applied Mathematics and Computation },
  Year                     = {2016},
  Pages                    = {164 -- 179},
  Volume                   = {277},
}

@Article{Norman2015,
  Title                    = {Developing A Large Time Step, Robust, and Low Communication Multi-Moment \{PDE\} Integration Scheme for Exascale Applications },
  Author                   = {Norman, Matthew R.},
  Journal                  = {Procedia Computer Science },
  Year                     = {2015},
  Note                     = {International Conference On Computational Science, \{ICCS\} 2015Computational Science at the Gates of Nature },
  Pages                    = {1848 -- 1857},
  Volume                   = {51},
}

@Article{Pratapa201643,
  Title                    = {Anderson acceleration of the Jacobi iterative method: An efficient alternative to Krylov methods for large, sparse linear systems },
  Author                   = {Pratapa, Phanisri P.  and  Suryanarayana, Phanish and Pask, John E.},
  Journal                  = {Journal of Computational Physics },
  Year                     = {2016},
  Pages                    = {43 -- 54},
  Volume                   = {306},
}

@Article{Alexandrov20111708,
  Title                    = {Monte Carlo scalable algorithms for Computational Finance },
  Author                   = {Alexandrov, V.N.  and Martel, Christian González  and Straßburg, J.},
  Journal                  = {Procedia Computer Science },
  Year                     = {2011},
  Note                     = {Proceedings of the International Conference on Computational Science, \{ICCS\} 2011 },
  Pages                    = {1708 -- 1715},
  Volume                   = {4},
}

@Article{Abramson20141,
  Title                    = {Big Data Meets Computational Science, Preface for \{ICCS\} 2014 },
  Author                   = {Abramson, David and Michael Lees and Valeria V. Krzhizhanovskaya and Jack Dongarra and Peter M.A. Sloot},
  Journal                  = {Procedia Computer Science },
  Year                     = {2014},
  Note                     = {2014 International Conference on Computational Science },
  Pages                    = {1 -- 7},
  Volume                   = {29},
}

@Article{Poghosyan2015167,
  Title                    = {Architecture, implementation and parallelization of the software to search for periodic gravitational wave signals },
  Author                   = {Poghosyan, G. and S. Matta and A. Streit and M. Bejger and A. Królak},
  Journal                  = {Computer Physics Communications },
  Year                     = {2015},
  Pages                    = {167 -- 176},
  Volume                   = {188},
}

@Article{Jacobsen20131,
  Title                    = {Multi-level parallelism for incompressible flow computations on \{GPU\} clusters },
  Author                   = { Jacobsen, Dana A. and  Senocak, Inanc},
  Journal                  = {Parallel Computing },
  Year                     = {2013},
  Number                   = {1},
  Pages                    = {1 -- 20},
  Volume                   = {39},
}

@Article{Liu2011261,
  Title                    = {A Multilevel Parallelism Support for Multi-Physics Coupling },
  Author                   = {Liu, Fang and  Sosonkina, Masha},
  Journal                  = {Procedia Computer Science },
  Year                     = {2011},
  Note                     = {Proceedings of the International Conference on Computational Science, \{ICCS\} 2011 },
  Pages                    = {261 - 270},
  Volume                   = {4},
}

@Article{Rycerz20131116,
  Title                    = {Support for Multiscale Simulations with Molecular Dynamics },
  Author                   = { Rycerz, Katarzyna and Eryk Ciepiela and Grzegorz Dyk and Derek Groen and Tomasz Gubala and Daniel Harezlak and Maciej Pawlik and James Suter and Stefan Zasada and Peter Coveney and Marian Bubak},
  Journal                  = {Procedia Computer Science },
  Year                     = {2013},
  Note                     = {2013 International Conference on Computational Science },
  Pages                    = {1116 -- 1125},
  Volume                   = {18},
}

@Article{Chakroun20131563,
  Title                    = {Combining multi-core and GPU computing for solving combinatorial optimization problems },
  Author                   = {Chakroun, I. and Melab, N. and M. Mezmaz and D. Tuyttens},
  Journal                  = {Journal of Parallel and Distributed Computing },
  Year                     = {2013},
  Note                     = {Heterogeneity in Parallel and Distributed Computing },
  Number                   = {12},
  Pages                    = {1563 -- 1577},
  Volume                   = {73},
}

@Article{Jin2011562,
  Title                    = {High performance computing using MPI and OpenMP on multi-core parallel systems },
  Author                   = {Jin, Haoqiang and Dennis Jespersen and Piyush Mehrotra and Rupak Biswas and Lei Huang and Barbara Chapman},
  Journal                  = {Parallel Computing },
  Year                     = {2011},
  Note                     = {Emerging Programming Paradigms for Large-Scale Scientific Computing },
  Number                   = {9},
  Pages                    = {562 -- 575},
  Volume                   = {37},
}

@Article{Emad2016,
  Title                    = {Unite and Conquer Approach for High Scale Numerical Computing },
  Author                   = {Emad, Nahid and  Petiton, Serge},
  Journal                  = {Journal of Computational Science },
  Year                     = {2016},
  Pages                    = { - },
}

@Article{Dosanjh2014,
  Title                    = {Exascale design space exploration and co-design },
  Author                   = {Dosanjh, S.S. and R.F. Barrett and D.W. Doerfler and S.D. Hammond and K.S. Hemmert and M.A. Heroux and P.T. Lin and K.T. Pedretti and A.F. Rodrigues and T.G. Trucano and J.P. Luitjens},
  Journal                  = {Future Generation Computer Systems },
  Year                     = {2014},
  Note                     = {Special Issue on Extreme Scale Parallel Architectures and Systems, Cryptography in Cloud Computing and Recent Advances in Parallel and Distributed Systems, \{ICPADS\} 2012 Selected Papers },
  Pages                    = {46 -- 58},
  Volume                   = {30},
}

@Article{Subotic2013450,
  Title                    = {Programmability and portability for exascale: Top down programming methodology and tools with StarSs },
  Author                   = { Subotić, Vladimir and Steffen Brinkmann and Vladimir Marjanović and Rosa M. Badia and Jose Gracia and Christoph Niethammer and Eduard Ayguade and Jesus Labarta and Mateo Valero},
  Journal                  = {Journal of Computational Science },
  Year                     = {2013},
  Note                     = {Scalable Algorithms for Large-Scale Systems Workshop (ScalA2011), Supercomputing 2011 },
  Number                   = {6},
  Pages                    = {450 -- 456},
  Volume                   = {4},
}

@Article{Nakashima2015,
  Title                    = {Manycore challenge in particle-in-cell simulation: How to exploit 1 \{TFlops\} peak performance for simulation codes with irregular computation },
  Author                   = {Nakashima, Hiroshi},
  Journal                  = {Computers \& Electrical Engineering },
  Year                     = {2015},
  Pages                    = {81 -- 94},
  Volume                   = {46},
}

@Article{Xu20121106,
  Title                    = {Microwave tomography for breast cancer detection on Cell broadband engine processors },
  Author                   = {Xu, Meilian and Parimala Thulasiraman and Sima Noghanian},
  Journal                  = {Journal of Parallel and Distributed Computing },
  Year                     = {2012},
  Note                     = {Accelerators for High-Performance Computing },
  Number                   = {9},
  Pages                    = {1106 -- 1116},
  Volume                   = {72},
}

@Article{Tramm2015195,
  Title                    = {Memory bottlenecks and memory contention in multi-core Monte Carlo transport codes },
  Author                   = { Tramm, John R. and Siegel, Andrew},
  Journal                  = {Annals of Nuclear Energy },
  Year                     = {2015},
  Note                     = {Joint International Conference on Supercomputing in Nuclear Applications and Monte Carlo 2013, SNA + MC 2013. Pluri- and Trans-disciplinarity, Towards New Modeling and Numerical Simulation Paradigms },
  Pages                    = {195 -- 202},
  Volume                   = {82},
}

@Article{Gong2012588,
  Title                    = {Particle transport with unstructured grid on \{GPU\} },
  Author                   = {Goong, Chunye and Jie Liu and Haowei Huang and Zhenghu Gong},
  Journal                  = {Computer Physics Communications },
  Year                     = {2012},
  Number                   = {3},
  Pages                    = {588 -- 593},
  Volume                   = {183},
}










