snytav@amon-sul.7485