@inproceedings{confbib1,
  author = {Глинский, Б. М. and Киреев, С. Е. and  Маркова, В. П. and Снытников, А. В. },
  title = {Сравнительные оценки производительности серверов HP Integrity RX 1620, RX 4640 (Itanium2) И HP Proliant DL140 G3 (Woodcrest) при решении задач методом частиц в ячейках},
  booktitle = {Труды Всероссийской научной конференции. Московский Государственный Университет им. М.В.Ломоносова, Южный Федеральный Университет, Институт вычислительной математики РАН. 2007, стр. 97-99.
},
  year = {2007},
  language = {russian},
}

@CONFERENCE{confbib2,
  author = {Снытников, А. В. and Генрих, Е. А. },
  title = {Методика создания переносимых программ математического моделирования для различных типов гибридных суперЭВМ},
  booktitle = {Труды международной научной конференциии <<Суперкомпьютерные дни в России>>},
  year = {2016},
  language = {russian},
}