@ARTICLE{VestnikNNSU,
  author = {Снытников, А. В.},
  title = {Сравнительный анализ производительности кластерных суперЭВМ на примере задачи о релаксации электонного пучка в высокотемпературной плазме},
  journal = {Вестник Нижегороского Университета им. Н.И. Лобачевского},
  year = {2011},
  volume = {1},
  number = {3},
  pages = {285--292},
  language = {russian},
}

@ARTICLE{VestnikNSUadapt,
  author = {Романенко А. А. and Снытников А. В. and  Черных И. Г.},
  title = {Адаптация параллельного вычислительного алгоритма к архитектуре суперЭВМ на примере моделирования динамики плазмы методом частиц в ячейках},
  journal = {Вестник НГУ Серия: Информационные технологии},
  year = {2017},
  volume = {15},
  number = {4},
  pages = {74--86},
  language = {russian},
}

@ARTICLE{VestnikNSU3D,
  author = {Романенко А. А. and Снытников А. В. and Тимофеев И. В.},
  title = {Трехмерный гибридный код для моделирования генерации высокочастотного электромагнитного излучения турбулентной плазмы},
  journal = {Вестник НГУ Серия: Информационные технологии},
  year = {2016},
  volume = {14},
  number = {3},
  pages = {81--90},
  language = {russian},
}

@ARTICLE{multigridAuto,
  author = {Снытников А. В.},
  title = {Об одном методе распараллеливания решения уравнения Пуассона},
  journal = {Автометрия},
  year = {2006},
  volume = {43},
  number = {3},
  pages = {62--68},
  language = {russian},
}


@ARTICLE{SibJVM,
  author = {Вшивков В. А. and Малышкин В. Э. and Снытников А. В. and Снытников В. Н.},
  title = {Численное моделирование гравитационной динамики многих тел методом частиц в ячейках: параллельная реализация},
  journal = {СибЖВМ},
  year = {2003},
  volume = {6},
  number = {1},
  pages = {25--36},
  language = {russian},
}

@ARTICLE{VychMethProgExa,
  author = {Вшивков В. А. and Снытников А. В. and Снытников В. Н.},
  title = {Особенности проведения экзафлопс-расчетов в физике плазмы},
  journal = {Выч. мет. программирование},
  year = {2012},
  volume = {13},
  number = {1},
  pages = {44--48},
  language = {russian},
}

@ARTICLE{MatMod,
  author = {Лотов К. В. and Месяц Е. А.  and Снытников А. В.},
  title = {Моделирование кинетической неустойчивости электронного пучка в плазме},
  journal = {Математическое моделирование},
  year = {2014},
  volume = {26},
  number = {11},
  pages = {45--50},
  language = {russian},
}



@ARTICLE{VychMetPlasma,
  author = {Месяц Е. А. and Снытников А. В. and Лотов К. В. },
  title = {О выборе числа частиц в методе частиц-в-ячейках для моделирования задач физики плазмы},
  journal = {Вычислительные технологии},
  year = {2013},
  volume = {18},
  number = {6},
  pages = {83--96},
  language = {russian},
}

@ARTICLE{VestnikNSTU,
  author = {Вшивков В. А. and Снытников А. В.},
  title = {Вычисление на суперЭВМ температуры при моделировании высокотемпературной плазмы методом частиц в ячейках},
  journal = {Научный вестник Новосибирского Государственного Технического Университета},
  year = {2010},
  volume = {3},
  number = {40},
  pages = {61--68},
  language = {russian},
}

@ARTICLE{VychTech,
  author = {Снытников В. Н.  and  Пармон В. Н. and  Вшивков В. А. and Дудникова Г. И.  and Никитин С. А. and Снытников А. В.},
  title = {Численное моделирование гравитационных систем многих тел с газом},
  journal = {Вычислительные технологии},
  year = {2002},
  volume = {7},
  number = {3},
  pages = {72--84},
  language = {russian},
}

@ARTICLE{AutoParSilan,
  author = {Вшивков В. А. and Лазарева Г. Г.  and Снытников А. В.},
  title = {Эффективный параллельный алгоритм численного моделирования в моносилановой плазме тлеющего разряда},
  journal = {Автометрия},
  year = {2008},
  volume = {44},
  number = {5},
  pages = {112--122},
  language = {russian},
}


@ARTICLE{Adaptive,
  author = {Вшивков В. А. and Лазарева Г. Г.  and Снытников А. В.},
  title = {Адаптивное изменение массы модельных частиц при моделировании тлеющего ВЧ-разряда в силановой плазме},
  journal = {Вычислительные технологии},
  year = {2008},
  volume = {13},
  number = {1},
  pages = {22--30},
  language = {russian},
}





@ARTICLE{NumMethMultiLevel,
  author = {Глинский Б. М. and  Куликов И. М. and Снытников А. В. and Черных И. Г. and Винс Д. В.},
  title = {Многоуровневый подход к разработке алгоритмического и программного обеспечения экзафлопсных суперЭВМ},
  journal = {Выч. мет. программирование},
  year = {2015},
  volume = {16},
  number = {4},
  pages = {543--556},
  language = {russian},
}











