@ARTICLE{bib1,
  author = {Фамилия, И. О.},
  title = {Название статьи},
  journal = {Журнал},
  year = {2012},
  volume = {1},
  pages = {100},
  language = {russian},
}

@ARTICLE{bibVaron1,
  author = {Абалдуй, И. О.},
  title = {Грузынский басня пра варон},
  journal = {Журнал},
  year = {2012},
  volume = {1},
  pages = {100},
  language = {russian},
}




