@article{Keyes201170,
title = {Exaflop/s: The why and the how },
journal = {Comptes Rendus Mécanique },
volume = {339},
number = {2–3},
pages = {70 -- 77},
year = {2011},
note = {High Performance Computing,Le Calcul Intensif },
issn = {1631-0721},
author = {Keyes, David E.},
}

@article{Murugan2013,
title = {On the interconnect energy efficiency of high end computing systems },
journal = {Sustainable Computing: Informatics and Systems },
volume = {3},
number = {2},
pages = {49 -- 57},
year = {2013},
note = {},
issn = {2210-5379},
author = {Murugan, Muthukumar and  Du, David Hung Chang and Kant, Krishna},
}

@article{Attig2011,
title = {Trends in supercomputing: The European path to exascale },
journal = {Computer Physics Communications },
volume = {182},
number = {9},
pages = {2041 -- 2046},
year = {2011},
note = {Computer Physics Communications Special Edition for Conference on Computational Physics Trondheim, Norway, June 23-26, 2010 },
issn = {0010-4655},
author = {Attig, N. and Gibbon, P. and Lippert, Th.},
}

@article{Attig2009,
title = {Computational physics with PetaFlops computers },
journal = {Computer Physics Communications },
volume = {180},
number = {4},
pages = {555 -- 558},
year = {2009},
note = {Special issue based on the Conference on Computational Physics 2008CCP 2008 },
issn = {0010-4655},
author = {Attig, Norbert},
}

@article{Yavits2014,
title = {The effect of communication and synchronization on Amdahl’s law in multicore systems },
journal = {Parallel Computing },
volume = {40},
number = {1},
pages = {1 -- 16},
year = {2014},
note = {},
issn = {0167-8191},
author = {Yavits,  L. and Morad, A. and Ginosar R. },
}

@article{Peterson1989,
title = {Computational challenges in aerospace },
journal = {Future Generation Computer Systems },
volume = {5},
number = {2–3},
pages = {243 -- 258},
year = {1989},
note = {Grand Challenges to Computational Science },
issn = {0167-739X},
author = {Peterson, Victor L.},
}

@article{Schreiber2014,
title = {A few bad ideas on the way to the triumph of parallel computing },
journal = {Journal of Parallel and Distributed Computing },
volume = {74},
number = {7},
pages = {2544 -- 2547},
year = {2014},
note = {Special Issue on Perspectives on Parallel and Distributed Processing },
issn = {0743-7315},
author = { Schreiber, Robert},
}

@article{Mittal20161065,
title = {Computational modeling of cardiac hemodynamics: Current status and future outlook },
journal = {Journal of Computational Physics },
volume = {305},
number = {},
pages = {1065 -- 1082},
year = {2016},
note = {},
issn = {0021-9991},
author = {Mittal, R. et al.},
}

@article{Lim2015128,
title = {Technological forecasting of supercomputer development: The March to Exascale computing },
journal = {Omega },
volume = {51},
number = {},
pages = {128 -- 135},
year = {2015},
note = {},
issn = {0305-0483},
author = {Lim, Dong-Joon  and  Anderson, Timothy R.  and Shott, Tom },
}

@article{Xu2015200,
title = {Engineering molecular dynamics simulation in chemical engineering },
journal = {Chemical Engineering Science },
volume = {121},
number = {},
pages = {200 -- 216},
year = {2015},
note = {2013 Danckwerts Special Issue on Molecular Modelling in Chemical Engineering },
issn = {0009-2509},
author = {Xu, Ji and Li, Xiaoxia and Hou, Chaofeng and Wang, Limin and Zhou, Guangzheng and Ge, Wei  and Li, Jinghai},
}

@article{Rajovic2014322,
title = {Tibidabo1: Making the case for an ARM-based HPC system },
journal = {Future Generation Computer Systems },
volume = {36},
number = {},
pages = {322 -- 334},
year = {2014},
note = {Special Section: Intelligent Big Data ProcessingSpecial Section: Behavior Data Security Issues in Network Information PropagationSpecial Section: Energy-efficiency in Large Distributed Computing ArchitecturesSpecial Section: eScience Infrastructure and Applications },
issn = {0167-739X},
author = {Rajovic, Nikola and Rico, Alejandro and  Puzovic, Nikola and  Adeniyi-Jones, Chris and Ramirez, Alex},
}

@article{Straatsma2013,
title = {On eliminating synchronous communication in molecular simulations to improve scalability },
journal = {Computer Physics Communications },
volume = {184},
number = {12},
pages = {2634 -- 2640},
year = {2013},
note = {},
issn = {0010-4655},
author = { Straatsma, T.P. and  Chavarría-Miranda, Daniel G.},
}

@article{Decyk2011,
title = {Adaptable Particle-in-Cell algorithms for graphical processing units },
journal = {Computer Physics Communications },
volume = {182},
number = {3},
pages = {641 -- 648},
year = {2011},
note = {},
issn = {0010--4655},
author = { Decyk, Viktor K. and  Singh, Tajendra V. },
}

@article{Decyk2014,
title = {Particle-in-Cell algorithms for emerging computer architectures },
journal = {Computer Physics Communications },
volume = {185},
number = {3},
pages = {708 -- 719},
year = {2014},
note = {},
issn = {0010-4655},
author = {Decyk, Viktor K. and  Singh, Tajendra V.},
}

@article{Stantchev20081339,
title = {Fast parallel Particle-To-Grid interpolation for plasma PIC simulations on the GPU },
journal = {Journal of Parallel and Distributed Computing },
volume = {68},
number = {10},
pages = {1339 -- 1349},
year = {2008},
note = {General-Purpose Processing using Graphics Processing Units },
issn = {0743-7315},
author = { Stantchev, George and  Dorland, William and Gumerov, Nail},
}

@article{Kong2011,
title = {Particle-in-cell simulations with charge-conserving current deposition on graphic processing units },
journal = {Journal of Computational Physics },
volume = {230},
number = {4},
pages = {1676 -- 1685},
year = {2011},
note = {},
issn = {0021-9991},
author = { Kong, Xianglong  and  Huang, Michael C. and Ren, Chuang and Decyk, Viktor K.},
}

@article{Trefethen2013,
title = {Energy-aware software: Challenges, opportunities and strategies },
journal = {Journal of Computational Science },
volume = {4},
number = {6},
pages = {444 -- 449},
year = {2013},
note = {Scalable Algorithms for Large-Scale Systems Workshop (ScalA2011), Supercomputing 2011 },
issn = {1877-7503},
author = {Trefethen, Anne E. and Thiyagalingam, Jeyarajan},
}

@article{Gicquel2012782,
title = {Large Eddy Simulations of gaseous flames in gas turbine combustion chambers },
journal = {Progress in Energy and Combustion Science },
volume = {38},
number = {6},
pages = {782 -- 817},
year = {2012},
note = {},
issn = {0360-1285},
author = {Gicquel, L.Y.M. and  Staffelbach, G. and Poinsot, T.} ,
}

@article{Subotić2013,
title = {Programmability and portability for exascale: Top down programming methodology and tools with StarSs },
journal = {Journal of Computational Science },
volume = {4},
number = {6},
pages = {450 -- 456},
year = {2013},
note = {Scalable Algorithms for Large-Scale Systems Workshop (ScalA2011), Supercomputing 2011 },
issn = {1877-7503},
author = {Subotić, Vladimir and Brinkmann,Steffen and Marjanović, Vladimir and Badia, Rosa M. and Gracia, Jose and Niethammer, Christoph and Ayguade, Eduard and Labarta, Jesus and Valero, Mateo},
}

@article{Dongarra2015,
title = {HPC Programming on Intel Many-Integrated-Core Hardware with MAGMA Port to Xeon Phi},
journal = {Scientific Programming},
volume = {2015},
year = {2015},
author = {Dongarra, Jack and Gates, Mark and Haidar, Azzam and Jia, Yulu and Kabir, Khairul and Luszczek, Piotr and Tomov, Stanimire},
}

@article{Reed2015,
title = {Exascale Computing and Big Data},
journal = {Communications of the ACM},
volume = {58},
number = {7},
pages = {56--68},
year = {2015},
author = {Reed, Daniel A. and Dongarra, J.},
}

@article{Vázquez2016,
title = {Alya: Multiphysics engineering simulation toward exascale },
journal = {Journal of Computational Science },
volume = {},
number = {},
pages = { -- },
year = {2016},
note = {},
issn = {1877-7503},
author = {Vázquez,Mariano and Houzeaux, Guillaume and  Koric, Seid and Antoni Artigues and Jazmin Aguado--Sierra and Ruth Arís and Daniel Mira and Hadrien Calmet and Fernando Cucchietti and Herbert Owen and Ahmed Taha and Evan Dering Burness and José María Cela and Mateo Valero},
}

@article{Engelmann2014,
title = {Scaling to a million cores and beyond: Using light-weight simulation to understand the challenges ahead on the road to exascale },
journal = {Future Generation Computer Systems },
volume = {30},
number = {},
pages = {59 -- 65},
year = {2014},
note = {Special Issue on Extreme Scale Parallel Architectures and Systems, Cryptography in Cloud Computing and Recent Advances in Parallel and Distributed Systems, \{ICPADS\} 2012 Selected Papers },
issn = {0167-739X},
author = {Engelmann, Christian},
}

@article{Dosanjh2014,
title = {Exascale design space exploration and co-design },
journal = {Future Generation Computer Systems },
volume = {30},
number = {},
pages = {46 -- 58},
year = {2014},
note = {Special Issue on Extreme Scale Parallel Architectures and Systems, Cryptography in Cloud Computing and Recent Advances in Parallel and Distributed Systems, \{ICPADS\} 2012 Selected Papers },
issn = {0167-739X},
author = {Dosanjh, S.S. and R.F. Barrett and D.W. Doerfler and S.D. Hammond and K.S. Hemmert and M.A. Heroux and P.T. Lin and K.T. Pedretti and A.F. Rodrigues and T.G. Trucano and J.P. Luitjens},
}

@article{Norman2015,
title = {Developing A Large Time Step, Robust, and Low Communication Multi-Moment PDE Integration Scheme for Exascale Applications },
journal = {Procedia Computer Science },
volume = {51},
number = {},
pages = {1848 -- 1857},
year = {2015},
note = {International Conference On Computational Science, ICCS 2015Computational Science at the Gates of Nature },
issn = {1877-0509},
author = {Norman, Matthew R.},
}

@incollection{Talia2016,
title = {Chapter 5 - Research Trends in Big Data Analysis },
editor = {Talia, Domenico and Trunfio, Paolo and Marozzo, Fabrizi },
booktitle = {Data Analysis in the Cloud },
publisher = {Elsevier},
edition = {},
address = {Boston},
year = {2016},
pages = {123 -- 138},
series = {Computer Science Reviews and Trends},
isbn = {978-0-12-802881-0},
author = {Talia, Domenico and Trunfio, Paolo and Marozzo, Fabrizio},
}

@article{Zounmevo2014,
title = {A fast and resource-conscious MPI message queue mechanism for large-scale jobs },
journal = {Future Generation Computer Systems },
volume = {30},
number = {},
pages = {265 -- 290},
year = {2014},
note = {Special Issue on Extreme Scale Parallel Architectures and Systems, Cryptography in Cloud Computing and Recent Advances in Parallel and Distributed Systems, ICPADS 2012 Selected Papers },
issn = {0167-739X},
author = {Zounmevo, Judicael A. and Afsahi, Ahmad},
}

@article{Mosby201668,
title = {Computational homogenization at extreme scales },
journal = {Extreme Mechanics Letters },
volume = {6},
number = {},
pages = {68 -- 74},
year = {2016},
note = {},
issn = {2352-4316},
author = {Mosby, Matthew and Matouš, Karel},
}

@article{Nakashima201581,
title = {Manycore challenge in particle-in-cell simulation: How to exploit 1 TFlops peak performance for simulation codes with irregular computation },
journal = {Computers & Electrical Engineering },
volume = {46},
number = {},
pages = {81 -- 94},
year = {2015},
note = {},
issn = {0045-7906},
author = {Nakashima, Hiroshi},
}

@article{Yu2015,
title = {Quantitative modeling of power performance tradeoffs on extreme scale systems },
journal = {Journal of Parallel and Distributed Computing },
volume = {84},
number = {},
pages = {1 -- 14},
year = {2015},
note = {},
issn = {0743-7315},
author = {Yu, Li and Zhou Zhou and Sean Wallace and Michael E. Papka and Zhiling Lan},
}

@article{Sitaraman2016,
title = {Balancing conflicting requirements for grid and particle decomposition in continuum-Lagrangian solvers },
journal = {Parallel Computing },
volume = {52},
number = {},
pages = {1 -- 21},
year = {2016},
note = {},
issn = {0167-8191},
author = {Sitaraman, Hariswaran and Grout, Ray},
}

@article{Wuyts2015,
title = {Helsim: A Particle-in-cell Simulator for Highly Imbalanced Particle Distributions },
journal = {Procedia Computer Science },
volume = {51},
number = {},
pages = {2923 -- 2927},
year = {2015},
note = {International Conference On Computational Science, ICCS 2015 Computational Science at the Gates of Nature },
issn = {1877-0509},
author = {Wuyts, Roel and Haber, Tom and Lapenta, Giovanni},
}

@article{Tucker2016,
title = {Eddy resolving simulations in aerospace – Invited paper (Numerical Fluid 2014) },
journal = {Applied Mathematics and Computation },
volume = {272, Part 3},
number = {},
pages = {582 -- 592},
year = {2016},
note = {The 9th International Symposium on Numerical Analysis of Fluid Flow and Heat Transfer - Numerical Fluids 2014 },
issn = {0096-3003},
author = {Tucker, Paul G. and Tyacke, James C.},
}

@article{Collins2015,
title = {Progress in Fast, Accurate Multi-scale Climate Simulations },
journal = {Procedia Computer Science },
volume = {51},
number = {},
pages = {2006 -- 2015},
year = {2015},
note = {International Conference On Computational Science, ICCS 2015Computational Science at the Gates of Nature },
issn = {1877-0509},
author = {Collins, W.D. and Johansen, H. and Evans, K.J. and Woodward, C.S. and Caldwell, P.M.},
}

@article{Löhner201353,
title = {Handling tens of thousands of cores with industrial/legacy codes: Approaches, implementation and timings },
journal = {Computers & Fluids },
volume = {85},
number = {},
pages = {53 -- 62},
year = {2013},
note = {International Workshop on Future of CFD and Aerospace Sciences },
issn = {0045-7930},
author = {Löhner,Rainald and Baum, Joseph D.},
}
























