@article{Keyes201170,
title = {Exaflop/s: The why and the how },
journal = {Comptes Rendus Mécanique },
volume = {339},
number = {2–3},
pages = {70 - 77},
year = {2011},
note = {High Performance ComputingLe Calcul Intensif },
issn = {1631-0721},
doi = {http://dx.doi.org/10.1016/j.crme.2010.11.002},
url = {http://www.sciencedirect.com/science/article/pii/S1631072110002032},
author = {David E. Keyes},
}

@article{Murugan2013,
title = {On the interconnect energy efficiency of high end computing systems },
journal = {Sustainable Computing: Informatics and Systems },
volume = {3},
number = {2},
pages = {49 - 57},
year = {2013},
note = {},
issn = {2210-5379},
doi = {http://dx.doi.org/10.1016/j.suscom.2012.03.002},
url = {http://www.sciencedirect.com/science/article/pii/S2210537912000194},
author = {Muthukumar Murugan and David Hung Chang Du and Krishna Kant},
}

@article{Attig2011,
title = {Trends in supercomputing: The European path to exascale },
journal = {Computer Physics Communications },
volume = {182},
number = {9},
pages = {2041 - 2046},
year = {2011},
note = {Computer Physics Communications Special Edition for Conference on Computational Physics Trondheim, Norway, June 23-26, 2010 },
issn = {0010-4655},
doi = {http://dx.doi.org/10.1016/j.cpc.2010.11.011},
url = {http://www.sciencedirect.com/science/article/pii/S0010465510004571},
author = {N. Attig and P. Gibbon and Th. Lippert},
}

@article{Attig2009,
title = {Computational physics with PetaFlops computers },
journal = {Computer Physics Communications },
volume = {180},
number = {4},
pages = {555 - 558},
year = {2009},
note = {Special issue based on the Conference on Computational Physics 2008CCP 2008 },
issn = {0010-4655},
doi = {http://dx.doi.org/10.1016/j.cpc.2008.12.032},
url = {http://www.sciencedirect.com/science/article/pii/S0010465508004499},
author = {Norbert Attig},
}

@article{Yavits2014,
title = {The effect of communication and synchronization on Amdahl’s law in multicore systems },
journal = {Parallel Computing },
volume = {40},
number = {1},
pages = {1 - 16},
year = {2014},
note = {},
issn = {0167-8191},
doi = {http://dx.doi.org/10.1016/j.parco.2013.11.001},
url = {http://www.sciencedirect.com/science/article/pii/S0167819113001324},
author = {L. Yavits and A. Morad and R. Ginosar},
}

@article{Peterson1989,
title = {Computational challenges in aerospace },
journal = {Future Generation Computer Systems },
volume = {5},
number = {2–3},
pages = {243 - 258},
year = {1989},
note = {Grand Challenges to Computational Science },
issn = {0167-739X},
doi = {http://dx.doi.org/10.1016/0167-739X(89)90044-7},
url = {http://www.sciencedirect.com/science/article/pii/0167739X89900447},
author = {Victor L. Peterson},
}

@article{Schreiber2014,
title = {A few bad ideas on the way to the triumph of parallel computing },
journal = {Journal of Parallel and Distributed Computing },
volume = {74},
number = {7},
pages = {2544 - 2547},
year = {2014},
note = {Special Issue on Perspectives on Parallel and Distributed Processing },
issn = {0743-7315},
doi = {http://dx.doi.org/10.1016/j.jpdc.2013.10.006},
url = {http://www.sciencedirect.com/science/article/pii/S0743731513002177},
author = {Robert Schreiber},
}

@article{Mittal20161065,
title = {Computational modeling of cardiac hemodynamics: Current status and future outlook },
journal = {Journal of Computational Physics },
volume = {305},
number = {},
pages = {1065 - 1082},
year = {2016},
note = {},
issn = {0021-9991},
doi = {http://dx.doi.org/10.1016/j.jcp.2015.11.022},
url = {http://www.sciencedirect.com/science/article/pii/S0021999115007627},
author = {Rajat Mittal and Jung Hee Seo and Vijay Vedula and Young J. Choi and Hang Liu and H. Howie Huang and Saurabh Jain and Laurent Younes and Theodore Abraham and Richard T. George},
}

@article{Lim2015128,
title = {Technological forecasting of supercomputer development: The March to Exascale computing },
journal = {Omega },
volume = {51},
number = {},
pages = {128 - 135},
year = {2015},
note = {},
issn = {0305-0483},
doi = {http://dx.doi.org/10.1016/j.omega.2014.09.009},
url = {http://www.sciencedirect.com/science/article/pii/S0305048314001200},
author = {Dong-Joon Lim and Timothy R. Anderson and Tom Shott},
}

@incollection{Onishi2014,
title = {Optimized preprocessing of tens of billions of grids in a full-vehicle aerodynamic simulation on the K-computer },
editor = {Park, Holywell },
booktitle = {The International Vehicle Aerodynamics Conference },
publisher = {Woodhead Publishing},
edition = {},
address = {Oxford},
year = {2014},
pages = {149 - 158},
isbn = {978-0-08-100199-8},
doi = {http://dx.doi.org/10.1533/9780081002452.4.149},
url = {http://www.sciencedirect.com/science/article/pii/B9780081001998500137},
author = {K. Onishi and M. Tsubokura},
}

@article{Xu2015200,
title = {Engineering molecular dynamics simulation in chemical engineering },
journal = {Chemical Engineering Science },
volume = {121},
number = {},
pages = {200 - 216},
year = {2015},
note = {2013 Danckwerts Special Issue on Molecular Modelling in Chemical Engineering },
issn = {0009-2509},
doi = {http://dx.doi.org/10.1016/j.ces.2014.09.051},
url = {http://www.sciencedirect.com/science/article/pii/S0009250914005557},
author = {Ji Xu and Xiaoxia Li and Chaofeng Hou and Limin Wang and Guangzheng Zhou and Wei Ge and Jinghai Li},
}

@article{Rajovic2014322,
title = {Tibidabo1: Making the case for an ARM-based \{HPC\} system },
journal = {Future Generation Computer Systems },
volume = {36},
number = {},
pages = {322 - 334},
year = {2014},
note = {Special Section: Intelligent Big Data ProcessingSpecial Section: Behavior Data Security Issues in Network Information PropagationSpecial Section: Energy-efficiency in Large Distributed Computing ArchitecturesSpecial Section: eScience Infrastructure and Applications },
issn = {0167-739X},
doi = {http://dx.doi.org/10.1016/j.future.2013.07.013},
url = {http://www.sciencedirect.com/science/article/pii/S0167739X13001581},
author = {Nikola Rajovic and Alejandro Rico and Nikola Puzovic and Chris Adeniyi-Jones and Alex Ramirez},
}

@article{Straatsma2013,
title = {On eliminating synchronous communication in molecular simulations to improve scalability },
journal = {Computer Physics Communications },
volume = {184},
number = {12},
pages = {2634 - 2640},
year = {2013},
note = {},
issn = {0010-4655},
doi = {http://dx.doi.org/10.1016/j.cpc.2013.01.009},
url = {http://www.sciencedirect.com/science/article/pii/S001046551300026X},
author = {T.P. Straatsma and Daniel G. Chavarría-Miranda},
}

@article{Decyk2011,
title = {Adaptable Particle-in-Cell algorithms for graphical processing units },
journal = {Computer Physics Communications },
volume = {182},
number = {3},
pages = {641 - 648},
year = {2011},
note = {},
issn = {0010-4655},
doi = {http://dx.doi.org/10.1016/j.cpc.2010.11.009},
url = {http://www.sciencedirect.com/science/article/pii/S0010465510004558},
author = {Viktor K. Decyk and Tajendra V. Singh},
}

@article{Decyk2014,
title = {Particle-in-Cell algorithms for emerging computer architectures },
journal = {Computer Physics Communications },
volume = {185},
number = {3},
pages = {708 - 719},
year = {2014},
note = {},
issn = {0010-4655},
doi = {http://dx.doi.org/10.1016/j.cpc.2013.10.013},
url = {http://www.sciencedirect.com/science/article/pii/S001046551300341X},
author = {Viktor K. Decyk and Tajendra V. Singh},
}

@article{Stantchev20081339,
title = {Fast parallel Particle-To-Grid interpolation for plasma \{PIC\} simulations on the \{GPU\} },
journal = {Journal of Parallel and Distributed Computing },
volume = {68},
number = {10},
pages = {1339 - 1349},
year = {2008},
note = {General-Purpose Processing using Graphics Processing Units },
issn = {0743-7315},
doi = {http://dx.doi.org/10.1016/j.jpdc.2008.05.009},
url = {http://www.sciencedirect.com/science/article/pii/S0743731508000944},
author = {George Stantchev and William Dorland and Nail Gumerov},
}

@article{Kong2011,
title = {Particle-in-cell simulations with charge-conserving current deposition on graphic processing units },
journal = {Journal of Computational Physics },
volume = {230},
number = {4},
pages = {1676 - 1685},
year = {2011},
note = {},
issn = {0021-9991},
doi = {http://dx.doi.org/10.1016/j.jcp.2010.11.032},
url = {http://www.sciencedirect.com/science/article/pii/S0021999110006479},
author = {Xianglong Kong and Michael C. Huang and Chuang Ren and Viktor K. Decyk},
}

@article{Trefethen2013,
title = {Energy-aware software: Challenges, opportunities and strategies },
journal = {Journal of Computational Science },
volume = {4},
number = {6},
pages = {444 - 449},
year = {2013},
note = {Scalable Algorithms for Large-Scale Systems Workshop (ScalA2011), Supercomputing 2011 },
issn = {1877-7503},
doi = {http://dx.doi.org/10.1016/j.jocs.2013.01.005},
url = {http://www.sciencedirect.com/science/article/pii/S1877750313000173},
author = {Anne E. Trefethen and Jeyarajan Thiyagalingam},
}

@article{Gicquel2012782,
title = {Large Eddy Simulations of gaseous flames in gas turbine combustion chambers },
journal = {Progress in Energy and Combustion Science },
volume = {38},
number = {6},
pages = {782 - 817},
year = {2012},
note = {},
issn = {0360-1285},
doi = {http://dx.doi.org/10.1016/j.pecs.2012.04.004},
url = {http://www.sciencedirect.com/science/article/pii/S0360128512000366},
author = {L.Y.M. Gicquel and G. Staffelbach and T. Poinsot},
}

@article{Subotić2013,
title = {Programmability and portability for exascale: Top down programming methodology and tools with StarSs },
journal = {Journal of Computational Science },
volume = {4},
number = {6},
pages = {450 - 456},
year = {2013},
note = {Scalable Algorithms for Large-Scale Systems Workshop (ScalA2011), Supercomputing 2011 },
issn = {1877-7503},
doi = {http://dx.doi.org/10.1016/j.jocs.2013.01.008},
url = {http://www.sciencedirect.com/science/article/pii/S1877750313000203},
author = {Vladimir Subotić and Steffen Brinkmann and Vladimir Marjanović and Rosa M. Badia and Jose Gracia and Christoph Niethammer and Eduard Ayguade and Jesus Labarta and Mateo Valero},
}

@article{Dongarra2015,
title = {HPC Programming on Intel Many-Integrated-Core Hardware with MAGMA Port to Xeon Phi},
journal = {Scientific Programming},
volume = {2015},
year = {2015},
author = {Jack Dongarra Mark Gates Azzam Haidar Yulu Jia Khairul Kabir Piotr Luszczek and Stanimire Tomov},
}

@article{Reed2015,
title = {Exascale Computing and Big Data},
journal = {Communications of the ACM},
volume = {58},
number = {7},
pages = {56-68},
year = {2015},
author = {Reed, Daniel A., and Dongarra J.},
}

@article{Vázquez2016,
title = {Alya: Multiphysics engineering simulation toward exascale },
journal = {Journal of Computational Science },
volume = {},
number = {},
pages = { - },
year = {2016},
note = {},
issn = {1877-7503},
doi = {http://dx.doi.org/10.1016/j.jocs.2015.12.007},
url = {http://www.sciencedirect.com/science/article/pii/S1877750315300521},
author = {Mariano Vázquez and Guillaume Houzeaux and Seid Koric and Antoni Artigues and Jazmin Aguado-Sierra and Ruth Arís and Daniel Mira and Hadrien Calmet and Fernando Cucchietti and Herbert Owen and Ahmed Taha and Evan Dering Burness and José María Cela and Mateo Valero},
}

@article{Engelmann2014,
title = {Scaling to a million cores and beyond: Using light-weight simulation to understand the challenges ahead on the road to exascale },
journal = {Future Generation Computer Systems },
volume = {30},
number = {},
pages = {59 - 65},
year = {2014},
note = {Special Issue on Extreme Scale Parallel Architectures and Systems, Cryptography in Cloud Computing and Recent Advances in Parallel and Distributed Systems, \{ICPADS\} 2012 Selected Papers },
issn = {0167-739X},
doi = {http://dx.doi.org/10.1016/j.future.2013.04.014},
url = {http://www.sciencedirect.com/science/article/pii/S0167739X13000745},
author = {Christian Engelmann},
}

@article{Dosanjh2014,
title = {Exascale design space exploration and co-design },
journal = {Future Generation Computer Systems },
volume = {30},
number = {},
pages = {46 - 58},
year = {2014},
note = {Special Issue on Extreme Scale Parallel Architectures and Systems, Cryptography in Cloud Computing and Recent Advances in Parallel and Distributed Systems, \{ICPADS\} 2012 Selected Papers },
issn = {0167-739X},
doi = {http://dx.doi.org/10.1016/j.future.2013.04.018},
url = {http://www.sciencedirect.com/science/article/pii/S0167739X13000782},
author = {S.S. Dosanjh and R.F. Barrett and D.W. Doerfler and S.D. Hammond and K.S. Hemmert and M.A. Heroux and P.T. Lin and K.T. Pedretti and A.F. Rodrigues and T.G. Trucano and J.P. Luitjens},
}

@article{Norman2015,
title = {Developing A Large Time Step, Robust, and Low Communication Multi-Moment \{PDE\} Integration Scheme for Exascale Applications },
journal = {Procedia Computer Science },
volume = {51},
number = {},
pages = {1848 - 1857},
year = {2015},
note = {International Conference On Computational Science, \{ICCS\} 2015Computational Science at the Gates of Nature },
issn = {1877-0509},
doi = {http://dx.doi.org/10.1016/j.procs.2015.05.413},
url = {http://www.sciencedirect.com/science/article/pii/S1877050915012211},
author = {Matthew R. Norman},
}

@incollection{Talia2016,
title = {Chapter 5 - Research Trends in Big Data Analysis },
editor = {Marozzo, Domenico TaliaPaolo TrunfioFabrizio },
booktitle = {Data Analysis in the Cloud },
publisher = {Elsevier},
edition = {},
address = {Boston},
year = {2016},
pages = {123 - 138},
series = {Computer Science Reviews and Trends},
isbn = {978-0-12-802881-0},
doi = {http://dx.doi.org/10.1016/B978-0-12-802881-0.00005-6},
url = {http://www.sciencedirect.com/science/article/pii/B9780128028810000056},
author = {Domenico Talia and Paolo Trunfio and Fabrizio Marozzo},
}

@article{Zounmevo2014,
title = {A fast and resource-conscious \{MPI\} message queue mechanism for large-scale jobs },
journal = {Future Generation Computer Systems },
volume = {30},
number = {},
pages = {265 - 290},
year = {2014},
note = {Special Issue on Extreme Scale Parallel Architectures and Systems, Cryptography in Cloud Computing and Recent Advances in Parallel and Distributed Systems, \{ICPADS\} 2012 Selected Papers },
issn = {0167-739X},
doi = {http://dx.doi.org/10.1016/j.future.2013.07.003},
url = {http://www.sciencedirect.com/science/article/pii/S0167739X13001489},
author = {Judicael A. Zounmevo and Ahmad Afsahi},
}

@article{Mosby201668,
title = {Computational homogenization at extreme scales },
journal = {Extreme Mechanics Letters },
volume = {6},
number = {},
pages = {68 - 74},
year = {2016},
note = {},
issn = {2352-4316},
doi = {http://dx.doi.org/10.1016/j.eml.2015.12.009},
url = {http://www.sciencedirect.com/science/article/pii/S2352431615300134},
author = {Matthew Mosby and Karel Matouš},
}

@article{Nakashima201581,
title = {Manycore challenge in particle-in-cell simulation: How to exploit 1 \{TFlops\} peak performance for simulation codes with irregular computation },
journal = {Computers & Electrical Engineering },
volume = {46},
number = {},
pages = {81 - 94},
year = {2015},
note = {},
issn = {0045-7906},
doi = {http://dx.doi.org/10.1016/j.compeleceng.2015.03.010},
url = {http://www.sciencedirect.com/science/article/pii/S004579061500097X},
author = {Hiroshi Nakashima},
}

@article{Yu2015,
title = {Quantitative modeling of power performance tradeoffs on extreme scale systems },
journal = {Journal of Parallel and Distributed Computing },
volume = {84},
number = {},
pages = {1 - 14},
year = {2015},
note = {},
issn = {0743-7315},
doi = {http://dx.doi.org/10.1016/j.jpdc.2015.06.006},
url = {http://www.sciencedirect.com/science/article/pii/S0743731515001045},
author = {Li Yu and Zhou Zhou and Sean Wallace and Michael E. Papka and Zhiling Lan},
}

@article{Sitaraman2016,
title = {Balancing conflicting requirements for grid and particle decomposition in continuum-Lagrangian solvers },
journal = {Parallel Computing },
volume = {52},
number = {},
pages = {1 - 21},
year = {2016},
note = {},
issn = {0167-8191},
doi = {http://dx.doi.org/10.1016/j.parco.2015.10.010},
url = {http://www.sciencedirect.com/science/article/pii/S0167819115001428},
author = {Hariswaran Sitaraman and Ray Grout},
}

@article{Wuyts2015,
title = {Helsim: A Particle-in-cell Simulator for Highly Imbalanced Particle Distributions },
journal = {Procedia Computer Science },
volume = {51},
number = {},
pages = {2923 - 2927},
year = {2015},
note = {International Conference On Computational Science, \{ICCS\} 2015Computational Science at the Gates of Nature },
issn = {1877-0509},
doi = {http://dx.doi.org/10.1016/j.procs.2015.05.479},
url = {http://www.sciencedirect.com/science/article/pii/S1877050915012879},
author = {Roel Wuyts and Tom Haber and Giovanni Lapenta},
}

@article{Tucker2016,
title = {Eddy resolving simulations in aerospace – Invited paper (Numerical Fluid 2014) },
journal = {Applied Mathematics and Computation },
volume = {272, Part 3},
number = {},
pages = {582 - 592},
year = {2016},
note = {The 9th International Symposium on Numerical Analysis of Fluid Flow and Heat Transfer - Numerical Fluids 2014 },
issn = {0096-3003},
doi = {http://dx.doi.org/10.1016/j.amc.2015.02.018},
url = {http://www.sciencedirect.com/science/article/pii/S009630031500171X},
author = {Paul G. Tucker and James C. Tyacke},
}

@article{Collins2015,
title = {Progress in Fast, Accurate Multi-scale Climate Simulations },
journal = {Procedia Computer Science },
volume = {51},
number = {},
pages = {2006 - 2015},
year = {2015},
note = {International Conference On Computational Science, \{ICCS\} 2015Computational Science at the Gates of Nature },
issn = {1877-0509},
doi = {http://dx.doi.org/10.1016/j.procs.2015.05.465},
url = {http://www.sciencedirect.com/science/article/pii/S1877050915012739},
author = {W.D. Collins and H. Johansen and K.J. Evans and C.S. Woodward and P.M. Caldwell},
}

@article{Löhner201353,
title = {Handling tens of thousands of cores with industrial/legacy codes: Approaches, implementation and timings },
journal = {Computers & Fluids },
volume = {85},
number = {},
pages = {53 - 62},
year = {2013},
note = {International Workshop on Future of \{CFD\} and Aerospace Sciences },
issn = {0045-7930},
doi = {http://dx.doi.org/10.1016/j.compfluid.2012.09.030},
url = {http://www.sciencedirect.com/science/article/pii/S0045793012004112},
author = {Rainald Löhner and Joseph D. Baum},
}
























