@INCOLLECTION{Onishi2014,
title = {Optimized preprocessing of tens of billions of grids in a full-vehicle aerodynamic simulation on the K-computer},
addendum = {(0,28~п.~л.)},
editor = {Park, Holywell},
booktitle = {The International Vehicle Aerodynamics Conference},
publisher = {Woodhead Publishing},
address = {Oxford},
year = {2014},
pages = {149--158},
author = {K. Onishi and M. Tsubokura},
language = {english}
}
