@article{ParAMA,
author = {Snytnikov, A.V. and Vshivkov, V.A. and Snytnikova, T.V.},
year = {2010},
month = {01},
pages = {},
title = {A Parallel Version of the Particle-in-Cell Method with Adaptive Mass Alteration},
doi = {10.2316/P.2010.691-012}
}

@article{AstroPhi,
title = "AstroPhi: A code for complex simulation of the dynamics of astrophysical objects using hybrid supercomputers",
journal = "Computer Physics Communications",
volume = "186",
pages = "71 - 80",
year = "2015",
issn = "0010-4655",
doi = "https://doi.org/10.1016/j.cpc.2014.09.004",
url = "http://www.sciencedirect.com/science/article/pii/S0010465514003099",
author = "I.M. Kulikov and I.G. Chernykh and A.V. Snytnikov and B.M. Glinskiy and A.V. Tutukov",
keywords = "Numerical astrophysics, Astrophysical objects, Dynamics simulation, Hybrid supercomputers",
}