@ARTICLE{FFT_OVS,
  author = {Овсянников, Е. П. and Петров, С. Е.  and Юрков, К. В.},
  title = {Сравнительный анализ сложности реализации быстрых цифровых преобразований на RISC-процессорах},
  journal = {Изв.вузов. Приборостроение},
  year = {2011},
  volume = {54},
  number = {9},
  pages = {34--38},
  language = {russian},
}

@Article{laser,
  Title                    = {Алгоритмы решения задачи взаимодействия лазерного импульса с плазмой},
  Author                   = {Вшивков, В. А. and Вшивков, К. В. and  Дудникова, Г. И. },
  Journal                  = {Вычислительные технологии},
  Year                     = {2001},
  Number                   = {2},
  Pages                    = {47--63},
  Volume                   = {6},
  language                 = {russian},
}

@INCOLLECTION{lasin,
  author       = {Langdon, A. B. and Lasinski, B. F. },
  title        = {Electromagnetic and Relativistic Plasma Simulation Models},
  booktitle    = {Methods in Computational Physics: Advances in Research and Applications},
  publisher    = {Elsevier},
  year         = {1976},
  editor       = {Killeen, John},
  volume       = {16},
  pages        = {327--366},
  language     = {english}
}

@Book{VshivkovPICbook,
  title  = {Численное моделирование методами частиц-в-ячейках},
  author = {Григорьев, Ю. Н. and Вшивков, В. А. and Федорук, М. П. },
  publisher = {Изд-во СО РАН},
  year     = {2004},
  numpages = {358},
  address  = {Новосибирск},
  language = {russian}
}

@book{birdsall2004plasma,
  title={Plasma physics via computer simulation},
  author={Birdsall, Charles K and Langdon, A Bruce},
  year={2004},
  publisher={CRC Press},
}

@Book{hockney,
  Title                    = {Численное моделирование методом частиц},
  Author                   = {Хокни, Р. and  Иствуд, Д.},
  Publisher                = {Мир},
  Year                     = {1987},
}

@Conference{Lu2015,
  Title                    = {Overview of Tianhe2 System and Applications},
  Author                   = {Yutong Lu},
  Booktitle                = {Russian Supercomputer Days},
  Year                     = {2015},
}


@Article{Peterson1989,
  Title                    = {Computational challenges in aerospace },
  Author                   = { Peterson, Victor L.},
  Journal                  = {Future Generation Computer Systems },
  Year                     = {1989},
  Note                     = {Grand Challenges to Computational Science },
  Number                   = {2–3},
  Pages                    = {243 -- 258},
  Volume                   = {5},
}

@article{Walker2014287,
title = {Accurate prediction of the wall shear stress in rod bundles with the spectral element method at high Reynolds numbers },
journal = {International Journal of Heat and Fluid Flow },
volume = {50},
number = {},
pages = {287 - 299},
year = {2014},
author = {Walker, Justin and Elia Merzari and Aleksandr Obabko and Paul Fischer and Andrew Siegel},
}

@article{Reuter2015325,
title = {A multi-platform scaling study for an OpenMP parallelization of a discontinuous Galerkin ocean model },
journal = {Computers & Fluids },
volume = {117},
number = {},
pages = {325 - 335},
year = {2015},
note = {},
author = {Reuter, Balthasar and  Aizinger, Vadym and  Köstler, Harald},
}

@article{Newman20152086,
title = {High-Order/Low-Order Methods for Ocean Modeling },
journal = {Procedia Computer Science },
volume = {51},
number = {},
pages = {2086 - 2096},
year = {2015},
note = {International Conference On Computational Science, ICCS 2015Computational Science at the Gates of Nature },
author = { Newman, Christopher  and  Womeldorff, Geoff and  Chacón, Luis and  Knoll, Dana A.},
}

@article{STERN20151,
title = {Recent progress in CFD for naval architecture and ocean engineering },
journal = {Journal of Hydrodynamics, Ser. B },
volume = {27},
number = {1},
pages = {1 - 23},
year = {2015},
note = {},
author = {Stern, Frederick and Zhaoyuan WANG and Jianming YANG and Hamid SADAT-HOSSEINI and Maysam MOUSAVIRAAD and Shanti BHUSHAN and Matteo DIEZ and Sung-Hwan YOON and Ping-Chen WU and Seong Mo YEON and Timur DOGAN and Dong-Hwan KIM and Silvia VOLPI and Michael CONGER and Thad MICHAEL and Tao XING and Robert S. THODAL and Joachim L. GRENESTEDT},
}

@Article{Ono2015,
  Title                    = {TOMBO: All-electron mixed-basis approach to condensed matter physics },
  Author                   = {Shota Ono and Yoshifumi Noguchi and Ryoji Sahara and Yoshiyuki Kawazoe and Kaoru Ohno},
  Journal                  = {Computer Physics Communications },
  Year                     = {2015},
  Pages                    = {20 -- 30},
  Volume                   = {189},
}

@Article{BirdsallIEEE,
  Title                    = {Particle-in-cell charged-particle simulations, plus Monte Carlo collisions with neutral atoms, PIC-MCC},
  Author                   = { Birdsall, C. K.},
  Journal                  = {IEEE Transactions on Plasma Science},
  Year                     = {1991},

  Month                    = {Apr},
  Number                   = {2},
  Pages                    = {65--85},
  Volume                   = {19}

}

@Article{Mininni2011316,
  Title                    = {A hybrid MPI–OpenMP scheme for scalable parallel pseudospectral computations for fluid turbulence },
  Author                   = {Mininni, Pablo D. and Duane Rosenberg and Raghu Reddy and Annick Pouquet},
  Journal                  = {Parallel Computing },
  Year                     = {2011},
  Number                   = {6–7},
  Pages                    = {316 -- 326},
  Volume                   = {37},

}

@Article{Appeloe201019,
  Title                    = {Development of arbitrary-order hermite methods for simulation and analysis of turbulent jet noise },
  Author                   = {Appelö, Daniel and Colonius, Tim  and  Hagstrom, Thomas and  Inkman, Matthew},
  Journal                  = {Procedia Engineering },
  Year                     = {2010},
  Note                     = {IUTAM Symposium on Computational Aero-Acoustics for Aircraft Noise Prediction },
  Pages                    = {19 -- 27},
  Volume                   = {6},
}

@Article{Yokota2013445,
  Title                    = {Petascale turbulence simulation using a highly parallel fast multipole method on \{GPUs\} },
  Author                   = {Yokota, Rio  and  Barba, L.A. and  Narumi, Tetsu and  Yasuoka, Kenji},
  Journal                  = {Computer Physics Communications },
  Year                     = {2013},
  Number                   = {3},
  Pages                    = {445 -- 455},
  Volume                   = {184},
}

@Article{Kotov2016189,
  Title                    = {Numerical dissipation control in high order shock-capturing schemes for \{LES\} of low speed flows },
  Author                   = { Kotov, D.V. and  Yee, H.C. and  Wray, A.A. and Sjögreen, B.  and  Kritsuk, A.G.},
  Journal                  = {Journal of Computational Physics },
  Year                     = {2016},
  Pages                    = {189 -- 202},
  Volume                   = {307},

}

@Article{Safi2016170,
  Title                    = {GPGPU-based rising bubble simulations using a \{MRT\} lattice Boltzmann method coupled with level set interface capturing },
  Author                   = { Safi, Mohammad Amin and  Turek, Stefan},
  Journal                  = {Computers \& Fluids },
  Year                     = {2016},
  Note                     = {Special Issue for ICMMES-2014 },
  Pages                    = {170 -- 184},
  Volume                   = {124},

  }

@Article{Zaspel2016505,
  Title                    = {Subspace correction methods in algebraic multi-level frames },
  Author                   = { Zaspel, Peter},
  Journal                  = {Linear Algebra and its Applications },
  Year                     = {2016},
  Pages                    = {505 - 521},
  Volume                   = {488},
}

@Article{Shang2013381,
  Title                    = {Performance analysis of large scale parallel CFD computing based on Code Saturne },
  Author                   = { Shang, Zhi},
  Journal                  = {Computer Physics Communications },
  Year                     = {2013},
  Number                   = {2},
  Pages                    = {381 -- 386},
  Volume                   = {184},
}

@Article{Yilmaz2013388,
  Title                    = {Surface conformed linear mesh and data subdivision technique for large-scale flow simulation and visualization in Variable Intensity Computational Environment },
  Author                   = { Yilmaz, Erdal and  Aliabadi, Shahrouz},
  Journal                  = {Computers \& Fluids },
  Year                     = {2013},
  Note                     = {Selected contributions of the 23rd International Conference on Parallel Fluid Dynamics ParCFD2011 },
  Pages                    = {388 -- 402},
  Volume                   = {80},
}

@Article{Yilmaz2013773,
  Title                    = {Application of surface conformed linear mesh and data subdivision technique to a spinning projectile },
  Author                   = { Yilmaz, Erdal and  Aliabadi, Shahrouz},
  Journal                  = {Computers \& Fluids },
  Year                     = {2013},
  Pages                    = {773 -- 781},
  Volume                   = {88},

  
}

@Article{Ono20142336,
  Title                    = {Data Centric Framework for Large-scale High-performance Parallel Computation },
  Author                   = { Ono, Kenji and  Kawashima, Yasuhiro and  Kawanabe, Tomohiro},
  Journal                  = {Procedia Computer Science },
  Year                     = {2014},
  Note                     = {2014 International Conference on Computational Science },
  Pages                    = {2336 -- 2350},
  Volume                   = {29},
}

@Article{Romano2013274,
  Title                    = {The OpenMC Monte Carlo particle transport code },
  Author                   = { Romano, Paul K. and  Forget, Benoit},
  Journal                  = {Annals of Nuclear Energy },
  Year                     = {2013},
  Pages                    = {274 -- 281},
  Volume                   = {51},
}

@Article{Romano201590,
  Title                    = {OpenMC: A state-of-the-art Monte Carlo code for research and development },
  Author                   = {Romano, Paul K. and Nicholas E. Horelik and Bryan R. Herman and Adam G. Nelson and Benoit Forget and Kord Smith},
  Journal                  = {Annals of Nuclear Energy },
  Year                     = {2015},
  Note                     = {Joint International Conference on Supercomputing in Nuclear Applications and Monte Carlo 2013, \{SNA\} + \{MC\} 2013. Pluri- and Trans-disciplinarity, Towards New Modeling and Numerical Simulation Paradigms },
  Pages                    = {90 -- 97},
  Volume                   = {82},
}

@Article{Romano201320,
  Title                    = {Data decomposition of Monte Carlo particle transport simulations via tally servers },
  Author                   = {Romano, P.K. and  Siegel, Andrew R. and Benoit Forget and Kord Smith},
  Journal                  = {Journal of Computational Physics },
  Year                     = {2013},
  Pages                    = {20 -- 36},
  Volume                   = {252},
}

@Article{Boyd201443,
  Title                    = {The OpenMOC method of characteristics neutral particle transport code },
  Author                   = { Boyd, William and Samuel Shaner and Lulu Li and Benoit Forget and Kord Smith},
  Journal                  = {Annals of Nuclear Energy },
  Year                     = {2014},
  Pages                    = {43 -- 52},
  Volume                   = {68},
}

@Article{Gong20116010,
  Title                    = {GPU accelerated simulations of 3D deterministic particle transport using discrete ordinates method },
  Author                   = { Gong,  and Jie Liu and Lihua Chi and Haowei Huang and Jingyue Fang and Zhenghu Gong},
  Journal                  = {Journal of Computational Physics },
  Year                     = {2011},
  Number                   = {15},
  Pages                    = {6010 -- 6022},
  Volume                   = {230},
}

@Article{Gong2012588,
  Title                    = {Particle transport with unstructured grid on GPU },
  Author                   = {Gong, Chunye and Jie Liu and Haowei Huang and Zhenghu Gong},
  Journal                  = {Computer Physics Communications },
  Year                     = {2012},
  Number                   = {3},
  Pages                    = {588 -- 593},
  Volume                   = {183},
}

@Article{Bergmann2015176,
  Title                    = {Algorithmic choices in WARP – A framework for continuous energy Monte Carlo neutron transport in general 3D geometries on GPUs },
  Author                   = { Bergmann, Ryan M. and  Vujić, Jasmina L.},
  Journal                  = {Annals of Nuclear Energy },
  Year                     = {2015},
  Pages                    = {176 -- 193},
  Volume                   = {77},
  }

@Article{Bauge201432,
  Title                    = {Connecting the Dots, or Nuclear Data in the Age of Supercomputing },
  Author                   = {Bauge, E. and M. Dupuis and S. Hilaire and S. Péru and A.J. Koning and D. Rochman and S. Goriely},
  Journal                  = {Nuclear Data Sheets },
  Year                     = {2014},
  Pages                    = {32 -- 37},
  Volume                   = {118},
}

@Article{Valiev20101477,
  Title                    = {NWChem: A comprehensive and scalable open-source solution for large scale molecular simulations },
  Author                   = {Valiev, M. and E.J. Bylaska and N. Govind and K. Kowalski and T.P. Straatsma and H.J.J. Van Dam and D. Wang and J. Nieplocha and E. Apra and T.L. Windus and W.A. de Jong},
  Journal                  = {Computer Physics Communications },
  Year                     = {2010},
  Number                   = {9},
  Pages                    = {1477 -- 1489},
  Volume                   = {181},
}

@Article{Aguilar20132197,
  Title                    = {Scalability analysis of Dalton, a molecular structure program },
  Author                   = { Aguilar, Xavier and Michael Schliephake and Olav Vahtras and Judit Gimenez and Erwin Laure},
  Journal                  = {Future Generation Computer Systems },
  Year                     = {2013},
  Number                   = {8},
  Pages                    = {2197 -- 2204},
  Volume                   = {29},
}

@Article{Yokota201317,
  Title                    = {FMM-based vortex method for simulation of isotropic turbulence on GPUs, compared with a spectral method },
  Author                   = { Yokota, Rio and L.A. Barba},
  Journal                  = {Computers \& Fluids },
  Year                     = {2013},
  Note                     = {Selected contributions of the 23rd International Conference on Parallel Fluid Dynamics ParCFD2011 },
  Pages                    = {17 -- 27},
  Volume                   = {80},
}

@Article{Ohno20142575,
  Title                    = {Petascale molecular dynamics simulation using the fast multipole method on K computer },
  Author                   = {Ohno, Yousuke  and Rio Yokota and Hiroshi Koyama and Gentaro Morimoto and Aki Hasegawa and Gen Masumoto and Noriaki Okimoto and Yoshinori Hirano and Huda Ibeid and Tetsu Narumi and Makoto Taiji},
  Journal                  = {Computer Physics Communications },
  Year                     = {2014},
  Number                   = {10},
  Pages                    = {2575 -- 2585},
  Volume                   = {185},
}

Article{Xu20121106,
  Title                    = {Microwave tomography for breast cancer detection on Cell broadband engine processors },
  Author                   = {Xu, Meilian and Thulasiraman, Parimala and  Noghanian, Sima},
  Journal                  = {Journal of Parallel and Distributed Computing },
  Year                     = {2012},
  Note                     = {Accelerators for High-Performance Computing },
  Number                   = {9},
  Pages                    = {1106 -- 1116},
  Volume                   = {72},

  }

@Article{Xu2015200,
  Title                    = {Engineering molecular dynamics simulation in chemical engineering },
  Author                   = {Xu, Ji and Xiaoxia Li and Chaofeng Hou and Limin Wang and Guangzheng Zhou and Wei Ge and Jinghai Li},
  Journal                  = {Chemical Engineering Science },
  Year                     = {2015},
  Note                     = {2013 Danckwerts Special Issue on Molecular Modelling in Chemical Engineering },
  Pages                    = {200 -- 216},
  Volume                   = {121},
}

@Article{Silva2014229,
  Title                    = {Summary of WG6 and WG6+1: Theory and simulations of plasma based accelerators },
  Author                   = { Silva, Luís O.},
  Journal                  = {Nuclear Instruments and Methods in Physics Research Section A: Accelerators, Spectrometers, Detectors and Associated Equipment },
  Year                     = {2014},
  Note                     = {Proceedings of the first European Advanced Accelerator Concepts Workshop 2013 },
  Pages                    = {229 -- 230},
  Volume                   = {740},
}

@Article{KatesHarbeck2016231,
  Title                    = {Simplex-in-cell technique for collisionless plasma simulations },
  Author                   = {Kates-Harbeck, Julian and Samuel Totorica and Jonathan Zrake and Tom Abel},
  Journal                  = {Journal of Computational Physics },
  Year                     = {2016},
  Pages                    = {231 -- 251},
  Volume                   = {304},
}

@Article{Winkel2015456,
  Title                    = {A high-order Boris integrator },
  Author                   = {Winkel, Mathias and Robert Speck and Daniel Ruprecht},
  Journal                  = {Journal of Computational Physics },
  Year                     = {2015},
  Pages                    = {456 -- 474},
  Volume                   = {295},
}

@Article{Minoshima201381,
  Title                    = {Multi-moment advection scheme in three dimension for Vlasov simulations of magnetized plasma },
  Author                   = {Takashi Minoshima and Yosuke Matsumoto and Takanobu Amano},
  Journal                  = {Journal of Computational Physics },
  Year                     = {2013},
  Pages                    = {81 -- 95},
  Volume                   = {236},
}

@Article{Kumar20132251,
  Title                    = {High Performance Solvers for Implicit Particle in Cell Simulation },
  Author                   = {Pawan Kumar and Stefano Markidis and Giovanni Lapenta and Karl Meerbergen and Dirk Roose},
  Journal                  = {Procedia Computer Science },
  Year                     = {2013},
  Note                     = {2013 International Conference on Computational Science },
  Pages                    = {2251 -- 2258},
  Volume                   = {18},
}

@article{Decyk2011,
title = {Adaptable Particle-in-Cell algorithms for graphical processing units },
journal = {Computer Physics Communications },
volume = {182},
number = {3},
pages = {641 -- 648},
year = {2011},
note = {},
issn = {0010--4655},
author = { Decyk, Viktor K. and  Singh, Tajendra V. },
}

@article{Decyk2014,
title = {Particle-in-Cell algorithms for emerging computer architectures },
journal = {Computer Physics Communications },
volume = {185},
number = {3},
pages = {708 -- 719},
year = {2014},
note = {},
issn = {0010-4655},
author = {Decyk, Viktor K. and  Singh, Tajendra V.},
}

@Article{Acebron2013224,
  Title                    = {Highly efficient numerical algorithm based on random trees for accelerating parallel Vlasov–Poisson simulations },
  Author                   = { Acebrón, Juan A. and Rodríguez-Rozas, Ángel},
  Journal                  = {Journal of Computational Physics },
  Year                     = {2013},
  Pages                    = {224 -- 245},
  Volume                   = {250},
}





@Book{StepanenkoScaling,
  title  = {Мультипроцессорные среды суперЭВМ. Масштабирование эффективности},
  author = {Степаненко, С. А,},
  publisher = {Физматлит},
  year     = {2016},
  numpages = {312},
  address  = {Москва},
  language = {russian}
}

@INCOLLECTION{Onishi2014,
title = {Optimized preprocessing of tens of billions of grids in a full-vehicle aerodynamic simulation on the K-computer},
addendum = {(0,28~п.~л.)},
editor = {Park, Holywell},
booktitle = {The International Vehicle Aerodynamics Conference},
publisher = {Woodhead Publishing},
address = {Oxford},
year = {2014},
pages = {149--158},
author = {Onishi, K.  and Tsubokura, M. },
language = {english}
}

@ARTICLE{Yee,
author={Kane Yee},
journal={IEEE Transactions on Antennas and Propagation},
title={Numerical solution of initial boundary value problems involving maxwell's equations in isotropic media},
year={1966},
volume={14},
number={3},
pages={302--307},
month={May},
language = {english}
}

@CONFERENCE{IOdoing,
  author       = {William Gropp}, 
  title        = {Do You Know What Your I/O Is Doing?},
  booktitle    = {Russian Supercomputing Days Conference Proceedings},
  year         = {2015},
  editor       = {Vladimir V. Voevodin},
  organization = {Moscow State University},
  language     = {english}
}




% ГОСТ Р 7.0.11-2011, Приложение Б, Книги
@BOOK{Sychev,
  author = {Сычёв, М. С.},
  title = {История Астраханского казачьего войска : учебное пособие},
  address = {Астрахань},
  publisher = {Волга},
  year = {2009},
  numpages = {231},
  language = {russian}
}

@BOOK{Sokolov,
  author = {Соколов, А. Н. and Сердобинцев, К. С.},
  editor = {Бочарова, В. М.},
  address = {Астрахань},
  publisher = {Калиниградский ЮИ МВД России},
  title = {Гражданское общество: проблемы формирования и развития (философский и юридический аспекты) : монография},
  year = {2009},
  numpages = {218},
  language = {russian}
}

@BOOK{Gaidaenko,
  author = {Гайдаенко, Т. А.},
  title = {Маркетинговое управление: принципы управленческих решений и российская практика},
  edition = {3-е изд, перераб. и доп.},
  address = {М.},
  publisher = {Эксмо: МИРБИС},
  year = {2008},
  numpages = {508},
  language = {russian}
}

@BOOK{Lermontov,
  author = {Лермонтов, Михаил Юрьевич},
  title = {Собрание сочинений: в 4 т.},
  address = {М.},
  publisher = {Терра-Кн. клуб},
  year = {2009},
  note = {4 т.},
  language = {russian}
}

@BOOK{Management,
  title = {Управление бизнесом : сборник статей},
  address = {Нижний новгород},
  publisher = {Изд-во Нижегородского университета},
  year = {2009},
  numpages = {243},
  language = {russian}
}

@BOOK{Borozda,
  author = {Борозда, И. В. and Воронин, Н. И. and Бушманов, А. В.},
  title = {Лечение сочетанных повреждений таза},
  address = {Владивосток},
  publisher = {Дальнаука},
  year = {2009},
  numpages = {195},
  language = {russian}
}

@BOOK{Marketing,
  author = {Михненков, О. В. and Коготкова, И. З. and Генкин, Е. В. and Сороко, Г. Я.},
  title = {Маркетинговые исследования в строительстве : учебное пособие для студентов специальности «Менеджмент организаций»},
  address = {М.},
  publisher = {Государственный университет управления},
  year = {2005},
  numpages = {59},
  language = {russian}
}

% ГОСТ Р 7.0.11-2011, Приложение Б, Нормативные правовые акты
@BOOK{Constitution,
  title = {Конституция Российской Федерации : офиц. текст.},
  address = {М.},
  publisher = {Маркетинг},
  year = {2001},
  numpages = {39},
  language = {russian}
}

@BOOK{FamilyCode,
  title = {Семейный кодекс Российской Федерации : [федер. закон: принят Гос. Думой 8 дек. 1995~г. : по состоянию на 3~янв. 2001~г.]},
  address = {СПб.},
  publisher = {Стаун-кантри},
  year = {2001},
  numpages = {94},
  language = {russian}
}

% ГОСТ Р 7.0.11-2011, Приложение Б, Стандарты
@BOOK{Gost.7.0.53,
  title = {ГОСТ Р 7.0.53-2007 Система стандартов по информации, библиотечному и издательскому делу. Издания. Международный стандартный книжный номер. Использование и издательское оформление.},
  address = {М.},
  publisher = {Стандартинформ},
  year = {2007},
  numpages = {5},
  language = {russian}
}

% ГОСТ Р 7.0.11-2011, Приложение Б, Депонированные научные работы
@BOOK{Razumovski,
  author = {Разумовский, В. А. and Андреев, Д. А.},
  title = {Управление маркетинговыми исследованиями в регионе},
  address = {М.},
  year = {2002},
  numpages = {210},
  note = {Деп. в ИНИОН Рос. акад. наук 15.02.02, № 139876},
  language = {russian}
}

% ГОСТ Р 7.0.11-2011, Приложение Б, Диссертации
@BOOK{Lagkueva,
  author = {Лагкуева, Ирина Владимировна},
  title = {Особенности регулирования труда творческих работников театров : дис. ... канд. юрид. наук : 12.00.05},
  address = {М.},
  year = {2009},
  numpages = {168},
  language = {russian}
}

@BOOK{Pokrovski,
  author = {Покровский, Андрей Владимирович},
  title = {Устранимые особенности решений эллиптических уравнений : дис. ... д-ра физ.-мат. наук : 01.01.01},
  address = {М.},
  year = {2008},
  numpages = {178},
  language = {russian}
}

% ГОСТ Р 7.0.11-2011, Приложение Б, Авторефераты диссертаций
@BOOK{Sirotko,
  author = {Сиротко, Владимир Викторович},
  title = {Медико-социальные аспекты городского травматизма в современных условиях : автореф. дис. ... канд. мед. наук : 14.00.33},
  address = {М.},
  year = {2006},
  numpages = {26},
  language = {russian}
}

@BOOK{Lukina,
  author = {Лукина, Валентина Александровна},
  title = {Творческая история «Записок охотника» И. С. Тургенева : автореф. дис. ... канд. филол. наук : 10.01.01},
  address = {СПб.},
  year = {2006},
  numpages = {26},
  language = {russian}
}

% ГОСТ Р 7.0.11-2011, Приложение Б, Отчёты о научно-исследовательской работе
@BOOK{Methodology,
  author = {Загорюев, А. Л.},
  title = {Методология и методы изучения военно-профессиональной направленности подростков : отчёт о НИР},
  address = {Екатеринбург},
  institution = {Уральский институт практической психологии},
  year = {2008},
  numpages = {102},
  language = {russian}
}

% ГОСТ Р 7.0.11-2011, Приложение Б, Электронные ресурсы
@BOOK{Encyclopedia,
  title = {Художественная энциклопедия зарубежного классического искусства [Электронный ресурс]},
  address = {М.},
  publisher = {Большая Рос. энкцикл.},
  year = {1996},
  note = {1 электрон. опт. диск (CD-ROM)},
  language = {russian}
}

@ARTICLE{Nasirova,
  author = {Насырова, Г. А.},
  title = {Модели государственного регулирования страховой деятельности [Электронный ресурс]},
  journal = {Вестник Финансовой академии},
  year = {2003},
  number = {4},
  note = {Режим доступа: http://vestnik.fa.ru/4(28)2003/4.html},
  language = {russian}
}

% ГОСТ Р 7.0.11-2011, Приложение Б, Статьи

@ARTICLE{Berestova,
  author = {Берестова, Т. Ф.},
  title = {Поисковые инструмены библиотеки},
  journal = {Библиография},
  year = {2006},
  number = {4},
  pages = {19},
  language = {russian}
}

@ARTICLE{Kriger,
  author = {Кригер, И.},
  title =  {Бумага терпит},
  journal = {Новая газета},
  year = {2009},
  note = {1 июля},
  language = {russian}
}


% Examples from https://verbosus.com/bibtex-style-examples.html
@ARTICLE{Article,
  author   = {Peter Adams},
  title    = {The title of the work},
  journal  = {The name of the journal},
  year     = {1993},
  number   = {2},
  pages    = {201-213},
  month    = {7},
  note     = {An optional note},
  volume   = {4},
  language = {english}
}

@BOOK{Book,
  author    = {Peter Babington}, 
  title     = {The title of the work},
  publisher = {The name of the publisher},
  year      = {1993},
  volume    = {4},
  series    = {10},
  address   = {The address},
  edition   = {3},
  month     = {7},
  note      = {An optional note},
  isbn      = {3257227892},
  language  = {english}
}

@BOOKLET{Booklet,
  title        = {The title of the work},
  author       = {Peter Caxton}, 
  howpublished = {How it was published},
  address      = {The address of the publisher},
  month        = {7},
  year         = {1993},
  note         = {An optional note},
  language     = {english}
}

@CONFERENCE{Conference,
  author       = {Peter Draper}, 
  title        = {The title of the work},
  booktitle    = {The title of the book},
  year         = {1993},
  editor       = {The editor},
  volume       = {4},
  series       = {5},
  pages        = {213},
  address      = {The address of the publisher},
  month        = {7},
  organization = {The organization},
  publisher    = {The publisher},
  note         = {An optional note},
  language     = {english}
}

@INBOOK{Inbook,
  author       = {Peter Eston},
  title        = {The title of the work},
  booktitle    = {Book title},
  chapter      = {8},
  pages        = {201-213},
  publisher    = {The name of the publisher},
  year         = {1993},
  volume       = {4},
  series       = {5},
  address      = {The address of the publisher},
  edition      = {3},
  month        = {7},
  note         = {An optional note},
  language     = {english}
}

@INCOLLECTION{Incollection,
  author       = {Peter Farindon},
  title        = {The title of the work},
  booktitle    = {The title of the book},
  publisher    = {The name of the publisher},
  year         = {1993},
  editor       = {The editor},
  volume       = {4},
  series       = {5},
  chapter      = {8},
  pages        = {201-213},
  address      = {The address of the publisher},
  edition      = {3},
  month        = {7},
  note         = {An optional note},
  language     = {english}
}

@MANUAL{Manual,
  title        = {The title of the work},
  author       = {Peter Gainsford}, 
  organization = {The organization},
  address      = {The address of the publisher},
  edition      = {3},
  month        = {7},
  year         = {1993},
  note         = {An optional note},
  language     = {english}
}

@MASTERSTHESIS{Mastersthesis,
  author       = {Peter Harwood},
  title        = {The title of the work},
  school       = {The school where the thesis was written},
  year         = {1993},
  address      = {The address of the publisher},
  month        = {7},
  note         = {An optional note},
  language     = {english}
}

@MISC{Misc,
  author       = {Peter Isley},
  title        = {The title of the work},
  howpublished = {How it was published},
  month        = {7},
  year         = {1993},
  note         = {An optional note},
  language     = {english}
}

@PHDTHESIS{Phdthesis,
  author       = {Peter Joslin}, 
  title        = {The title of the work},
  school       = {The school where the thesis was written},
  year         = {1993},
  address      = {The address of the publisher},
  month        = {7},
  note         = {An optional note},
  language     = {english}
}

@PROCEEDINGS{Proceedings,
  title        = {The title of the work},
  year         = {1993},
  editor       = {Peter Kidwelly},
  volume       = {4},
  series       = {5},
  address      = {The address of the publisher},
  month        = {7},
  organization = {The organization},
  publisher    = {The name of the publisher},
  note         = {An optional note},
  language     = {english}
}

@TECHREPORT{Techreport,
  author       = {Peter Lambert},
  title        = {The title of the work},
  institution  = {The institution that published},
  year         = {1993},
  number       = {2},
  address      = {The address of the publisher},
  month        = {7},
  note         = {An optional note},
  language     = {english}
}

@UNPUBLISHED{Unpublished,
  author       = {Peter Marcheford}, 
  title        = {The title of the work},
  note         = {An optional note},
  month        = {7},
  year         = {1993},
  language     = {english}
}

%%% Реальные примеры

% Инициалы должны быть записаны после запятой, с точками, через пробел
% http://www.kit-e.ru/articles/elcomp/2006_12_124.php
% Подчёркивания в ссылке приходится экранировать
% http://www.kit-e.ru/articles/elcomp/2006\_12\_124.php
@online{medvedev2006jelektronnye,
  title={Электронные компоненты и монтажные подложки},
  author={Медведев, А. М.},
  journal={Компоненты и технологии},
  number={12},
  pages={124--134},
  year={2006},
  medium={Электронный ресурс},
  url = {http://www.kit-e.ru/articles/elcomp/2006\_12\_124.php},
  urldate = {19.01.2015},
  language = {russian}
}

% Real example
% & в названии журнала надо экранировать
% 10.1002/1521-4125(200007)23:7<581::AID-CEAT581>3.0.CO;2-P
% < > в ссылке приходится экранировать %3C и %3E, а потом ещё знаки процента в них экранировать
% 10.1002/1521-4125(200007)23:7%3C581::AID-CEAT581%3E3.0.CO;2-P
% 10.1002/1521-4125(200007)23:7\%3C581::AID-CEAT581\%3E3.0.CO;2-P
% url не нужен. если запись о бумажной публикации
@article {CEAT:CEAT581,
  author = {Deiters, U. K.},
  title = {A Modular Program System for the Calculation of Thermodynamic Properties of Fluids},
  journal = {Chemical Engineering \& Technology},
  volume = {23},
  number = {7},
  publisher = {WILEY-VCH Verlag},
  issn = {1521-4125},
  doi = {10.1002/1521-4125(200007)23:7<581::AID-CEAT581>3.0.CO;2-P},
  pages = {581--584},
  year = {2000},
  language = {english}
}

% Real with  4 authors
@article{doi:10.1080/01932691.2010.513279,
  author = {Young-Sang Cho and Young Kuk Kim and Kook Chae Chung and Chul Jin Choi },
  title = {Deformation of Colloidal Crystals for Photonic Band Gap Tuning},
  journal = {Journal of Dispersion Science and Technology},
  volume = {32},
  number = {10},
  pages = {1408-1415},
  year = {2011},
  doi = {10.1080/01932691.2010.513279},
  language = {english}
}

% doi with (), author with umlaut or other unicode or specific symbols, 9 authors
% latex don't like Gösele1999161 in ref
% Умляуты в авторах понимаются из-за поддержки в юникодной странице pdflatex и xelatex
% Иллюстрация того, что будет. если на английской записи будут поставлена пометка, что язык русский
@article{Gosele1999161,
  title = "Wafer bonding for microsystems technologies ",
  journal = "Sensors and Actuators A: Physical ",
  volume = "74",
  number = "1–3",
  pages = "161 - 168",
  year = "1999",
  issn = "0924-4247",
  doi = "10.1016/S0924-4247(98)00310-0",
  author = "Gösele, U. and Tong, Q.-Y. and Schumacher, A. and Kräuter, G. and Reiche, M. and Plößl, A. and Kopperschmidt, P. and Lee, T.-H. and Kim, W.-J.",
  keywords = "Wafer bonding",
  keywords = "Fusion bonding",
  keywords = "Pressure sensors",
  keywords = "Interface reactions",
  keywords = "Hydrophilic bonding",
  keywords = "Hydrophobic bonding",
  language = {russian}
}

% Real example (from Google or Springer)
% unmodified styles don't know %language = {English}
% язык писать с маленьких
% иллюстрация incollection
% 10.1007/0-387-32989-7_45
% Подчёркивания в DOI приходится экранировать
% 10.1007/0-387-32989-7\_45
@incollection{Li2007StressAnalysis,
  year={2007},
  isbn={978-0-387-27974-9},
  booktitle={Micro- and Opto-Electronic Materials and Structures: Physics, Mechanics, Design, Reliability, Packaging},
  editor={Suhir, E. and Lee, Y. C. and Wong, C. P.},
  doi={10.1007/0-387-32989-7_45},
  title={Stress Analysis for Processed Silicon Wafers and Packaged Micro-devices},
  publisher={Springer US},
  author={Li, Li and Guo, Yifan and Zheng, Dawei},
  pages={B677-B709},
  language={english}
}

% Real, β sign 
% inputenc don't know β sign %aluminosilicate-β-quartz
% Знаки типа β, которые не знает таблица кодировки, с которой работает компилятор нужно заменять на latex команды
% doi должен быть без http://dx.doi.org/
@article{Shoji199895,
title = "Low-temperature anodic bonding using lithium aluminosilicate-$\beta$-quartz glass ceramic",
journal = "Sensors and Actuators A: Physical",
volume = "64",
number = "1",
pages = "95 - 100",
year = "1998",
note = "Tenth {IEEE} International Workshop on Micro Electro Mechanical Systems ",
issn = "0924-4247",
doi = "10.1016/S0924-4247(97)01659-2",
author = {Shuichi Shoji and Hiroto Kikuchi and Hirotaka Torigoe},
keywords = "Anodic bonding",
keywords = "Low-temperature bonding",
keywords = "Micro assembly",
keywords = "Micro package",
keywords = "Glass ceramic",
}


% from urlbst package
% Example from Jason Eisner, by mail (nothing special about the entry,
% but he seemed to be having formatting problems with unsrturl and proceedings
% entries.
% http://cs.jhu.edu/~jason/papers/#icassp07
@InProceedings{test:eisner-sample,
  author =       {Damianos Karakos and Sanjeev Khudanpur and Jason
                  Eisner and Carey~E. Priebe},
  title =        {Iterative denoising using {J}ensen-{R}enyi
                  divergences with an application to unsupervised
                  document categorization},
  booktitle =    {Proceedings of ICASSP},
  year =         2007,
  url =          {http://cs.jhu.edu/~jason/papers/\#icassp07}
}

@InProceedings{test:eisner-sample-shorted,
  author =       {Damianos Karakos and Sanjeev Khudanpur and Jason
                  Eisner and Carey~E. Priebe},
  title =        {Iterative denoising using {J}ensen-{R}enyi
                  divergences with an application to unsupervised
                  document categorization},
  booktitle =    {Proceedings of ICASSP},
  shortbooktitle = {Proc. of ICASSP},
  year =         2007,
  url =          {http://cs.jhu.edu/~jason/papers/\#icassp07}
}

% Попытка записать патент имеющимися средствами
@Book{iofis_patent1960,
  title                    = {Способ пайки керамики с~керамикой и~стекла с~металлом : а.\,с.~126728 СССР},
  author                   = {Иофис, Н. А.},
  year                     = {1960},
  numpages                 = {Бюл. № 5.~1},
  language                 = {russian}
}

% Попытка записать патент имеющимися средствами
@Book{AB_patent_Pomerantz_1968,
  title                    = {Anodic bonding : patent no. 3397278 US},
  author                   = {Pomerantz, D. I.},
  year                     = {1968},
  language                 = {english}
}

