% This file was created with JabRef 2.10b2.
% Encoding: UTF-8


@InProceedings{Stepanenko2010,
  Title                    = {Оценки ускорения вычислений гибридными системами},
  Author                   = {Степаненко С~.А~.},
  Booktitle                = {Пленарные доклады Пятой Международной Конференции <<Параллельные вычисления и задачи управления>>},
  Year                     = {2010},
  Pages                    = {29-39},

  Location                 = {Москва, Россия},
  Numpages                 = {11}
}

@Article{PesinLyapExp,
  Title                    = {Characteristic Lyapunov exponents and smooth ergodic theory},
  Author                   = {Pesin Ya.~B.},
  Journal                  = {Russian Math. Surveys},
  Year                     = {1977},
  Number                   = {4},
  Pages                    = {55--114},
  Volume                   = {32},

  Owner                    = {tigra},
  Timestamp                = {2016.03.25}
}

@Book{Bertin,
  Title                    = {Dynamics of Galaxies},
  Author                   = {Bertin,G.},
  Publisher                = {Cambridge University Press},
  Year                     = {2000},

  Owner                    = {tigra},
  Timestamp                = {2016.02.28}
}

@Book{LangdonBirdsall,
  Title                    = {Plasma Physics via Computer Simulation},
  Author                   = {Birdsall C.K., Langdon A.B.},
  Publisher                = {CRC Press},
  Year                     = {2004},

  Owner                    = {tigra},
  Timestamp                = {2016.02.28}
}


@Article{Plasma2Beam,
  Title                    = {Parallel template implementation of a Particle-in-Cell code for the simulation of ultrarelativistic beam dynamics},
  Author                   = {Boronina M.A., Snytnikov A.V.},
  Journal                  = {Bulletin of the Novosibirsk Computing Center , Numerical Analysis},
  Year                     = {2015},
  Pages                    = {7-15},
  Volume                   = {17},

  Owner                    = {tigra},
  Timestamp                = {2016.03.26}
}

@Article{BretPoP2010,
  Title                    = {Multidimensional electron beam-plasma instabilities in the relativistic regime},
  Author                   = {Bret, A. and Gremillet, L. and Dieckmann, M. E.},
  Journal                  = {Physics of Plasmas},
  Year                     = {2010},
  Number                   = {12},
  Volume                   = {17},

  Doi                      = {http://dx.doi.org/10.1063/1.3514586},
  Eid                      = {120501},
  Url                      = {http://scitation.aip.org/content/aip/journal/pop/17/12/10.1063/1.3514586}
}

@Article{PIConGPU,
  Title                    = {PIConGPU: A Fully Relativistic Particle-in-Cell Code for a GPU Cluster},
  Author                   = {H. Burau and R. Widera and W. Honig and G. Juckeland and A. Debus and T. Kluge and U. Schramm and T. E. Cowan and R. Sauerbrey and M. Bussmann},
  Journal                  = {IEEE Transactions on Plasma Science},
  Year                     = {2010},

  Month                    = {Oct},
  Number                   = {10},
  Pages                    = {2831-2839},
  Volume                   = {38},

  Doi                      = {10.1109/TPS.2010.2064310},
  ISSN                     = {0093-3813},
  Keywords                 = {graphical user interfaces;hybrid simulation;message passing;physics computing;plasma simulation;relativistic plasmas;GPU Cluster;NVIDIA CUDA library;PIConGPU;computation nodes;computational plasma physics;graphical processing units;hybrid architecture;internode communication;large-scale plasma simulations;message-passing interface;particle-in-cell code;relativistic plasma PIC algorithm;standard cluster topology;Clustering algorithms;Computational modeling;Computer architecture;Graphics processing unit;Instruction sets;Magnetic cores;Plasmas;Electron accelerators;parallel algorithms;parallel architectures;particle beams;plasma waves;simulation software}
}

@Article{BurdakovProgress2005,
  Title                    = {Explanation of Turbulent Suppression of Electron Heat Transfer in GOL-3 Facility at the Stage of Relativistic Electron Beam Injection},
  Author                   = {Burdakov, A.V., Kotelnikov, I.A., \& Erofeev, V.I.},
  Journal                  = {Fusion Science and Technology},
  Year                     = {2006},
  Number                   = {1T},
  Pages                    = {74-77},
  Volume                   = {47}
}

@Electronic{Rosales2Phi,
  Title                    = {Porting to the Intel Xeon Phi: Opportunities and Challenges (Abstract)},
  Author                   = {C.Rosales},
  Organization             = {IEEE Computer Society, Extreme Scaling Workshop},
  Url                      = {https://www.computer.org/csdl/proceedings/xsw/2013/3691/00/3691a001.pdf},
  Year                     = {2013},

  Owner                    = {snytav},
  Timestamp                = {2016.02.29}
}

@Article{Cohen1995,
  Title                    = {The numerical tokamak project: simulation of turbulent transport },
  Author                   = {B.I. Cohen and D.C. Barnes and J.M. Dawson and G.W. Hammett and W.W. Lee and G.D. Kerbel and J.-N. Leboeuf and P.C. Liewer and T. Tajima and R.E. Waltz},
  Journal                  = {Computer Physics Communications },
  Year                     = {1995},
  Note                     = {Particle Simulation Methods },
  Number                   = {1–2},
  Pages                    = {1 - 15},
  Volume                   = {87},

  Abstract                 = {Three-dimensional fluid and kinetic models are being used to simulate the turbulent confinement of energy and plasma in the core of tokamaks. These simulations represent a qualitative improvement in the realism with which they model large tokamak experiments, because they use realistic plasma parameters and incorporate important geometrical effects. The combination of algorithm improvements and the application of high-performance computing methodology including the use of massively parallel computers has enabled dramatic improvements in simulation capability. A consortium of research groups from universities and national laboratories are collaborating in this effort which is entitled the Numerical Tokamak Project and is supported in part by the High Performance Computing and Communications Initiative. },
  Doi                      = {http://dx.doi.org/10.1016/0010-4655(94)00166-Y},
  ISSN                     = {0010-4655},
  Owner                    = {tigra},
  Timestamp                = {2016.02.27},
  Url                      = {http://www.sciencedirect.com/science/article/pii/001046559400166Y}
}

@Article{Decyk1995,
  Title                    = {Skeleton \{PIC\} codes for parallel computers },
  Author                   = {Viktor K. Decyk},
  Journal                  = {Computer Physics Communications },
  Year                     = {1995},
  Note                     = {Particle Simulation Methods },
  Number                   = {1–2},
  Pages                    = {87 - 94},
  Volume                   = {87},

  Abstract                 = {Simple skeleton particle-in-cell codes designed for massively parallel computers are described. These codes are used to develop new algorithms and evaluate new parallel computers. Benchmark results from a number of \{MIMD\} parallel computers are presented. },
  Doi                      = {http://dx.doi.org/10.1016/0010-4655(94)00169-3},
  ISSN                     = {0010-4655},
  Url                      = {http://www.sciencedirect.com/science/article/pii/0010465594001693}
}

@Article{Eastwood1995,
  Title                    = {Body-fitted electromagnetic \{PIC\} software for use on parallel computers },
  Author                   = {J.W. Eastwood and W. Arter and N.J. Brealey and R.W. Hockney},
  Journal                  = {Computer Physics Communications },
  Year                     = {1995},
  Note                     = {Particle Simulation Methods },
  Number                   = {1–2},
  Pages                    = {155 - 178},
  Volume                   = {87},

  Abstract                 = {This paper describes the algorithm and implementation issues for the three-dimensional body-fitted Particle-In-Cell (PIC) software suite 3DPIC for modelling the time evolution of interactions between electromagnetic (EM) fields and flows of relativistic charged particles. 3DPIC is applicable to \{EM\} calculations in complex geometries where displacement fields are important, and was developed specifically for microwave device modelling. A description is given of the physical model, the numerical scheme and the software. The software was designed to run efficiently on both serial and distributed-memory parallel computers. The performance achieved by the software on parallel computers demonstrates the potential of this code for large scale time-dependent electromagnetic and electrodynamic calculations. },
  Doi                      = {http://dx.doi.org/10.1016/0010-4655(94)00165-X},
  ISSN                     = {0010-4655},
  Url                      = {http://www.sciencedirect.com/science/article/pii/001046559400165X}
}

@Article{Engquist,
  Title                    = {Computational high frequency wave propagation},
  Author                   = {Engquist,Bj\&ouml;rn and Runborg,Olof},
  Journal                  = {Acta Numerica},
  Year                     = {2003},

  Month                    = {5},
  Pages                    = {181--266},
  Volume                   = {12},

  Doi                      = {10.1017/S0962492902000119},
  ISSN                     = {1474-0508},
  Numpages                 = {86},
  Owner                    = {tigra},
  Timestamp                = {2016.02.27},
  Url                      = {http://journals.cambridge.org/article_S0962492902000119}
}

@InProceedings{InternetChaos,
  Title                    = {Identification of parameters of technical systems on the basis of deterministic chaos theory.},
  Author                   = {Lukyanov G.},
  Booktitle                = {Вторая международная кон-ференция "Дифференциальные уравнения и их применение". 15-20 июня 1998. Тез. докл.},
  Year                     = {1998},

  Address                  = {http://att-vesti.narod.ru/J6-1-4CO.HTM},
  Pages                    = {51-52},

  Owner                    = {tigra},
  Timestamp                = {2016.03.26}
}

@PhdThesis{Nienhuis,
  Title                    = {Plasma models for silicon deposition.},
  Author                   = {Nienhuis G.J.},
  School                   = {Utrecht University},
  Year                     = {1998},

  Owner                    = {snytav},
  Timestamp                = {2016.02.29}
}

@InProceedings{Gropp2009,
  Title                    = {MPI at Exascale: Challenges for Data Structures and Algorithms},
  Author                   = {Gropp, William},
  Booktitle                = {Proceedings of the 16th European PVM/MPI Users' Group Meeting on Recent Advances in Parallel Virtual Machine and Message Passing Interface},
  Year                     = {2009},

  Address                  = {Berlin, Heidelberg},
  Pages                    = {3--3},
  Publisher                = {Springer-Verlag},

  Acmid                    = {1612212},
  Doi                      = {10.1007/978-3-642-03770-2_3},
  ISBN                     = {978-3-642-03769-6},
  Location                 = {Espoo, Finland},
  Numpages                 = {1},
  Url                      = {http://dx.doi.org/10.1007/978-3-642-03770-2_3}
}

@Article{Huang2006,
  Title                    = {QUICKPIC: A highly efficient particle-in-cell code for modeling wakefield acceleration in plasmas },
  Author                   = {C. Huang and V.K. Decyk and C. Ren and M. Zhou and W. Lu and W.B. Mori and J.H. Cooley and T.M. Antonsen Jr. and T. Katsouleas},
  Journal                  = {Journal of Computational Physics },
  Year                     = {2006},
  Number                   = {2},
  Pages                    = {658 - 679},
  Volume                   = {217},

  Abstract                 = {A highly efficient, fully parallelized, fully relativistic, three-dimensional particle-in-cell model for simulating plasma and laser wakefield acceleration is described. The model is based on the quasi-static or frozen field approximation, which reduces a fully three-dimensional electromagnetic field solve and particle push to a two-dimensional field solve and particle push. This is done by calculating the plasma wake assuming that the drive beam and/or laser does not evolve during the time it takes for it to pass a plasma particle. The complete electromagnetic fields of the plasma wake and its associated index of refraction are then used to evolve the drive beam and/or laser using very large time steps. This algorithm reduces the computational time by 2–3 orders of magnitude. Comparison between the new algorithm and conventional fully explicit models (OSIRIS) is presented. The agreement is excellent for problems of interest. Direction for future work is also presented. },
  Doi                      = {http://dx.doi.org/10.1016/j.jcp.2006.01.039},
  ISSN                     = {0021-9991},
  Keywords                 = {Plasma accelerator},
  Url                      = {http://www.sciencedirect.com/science/article/pii/S0021999106000283}
}

@Electronic{Vieira,
  Title                    = {Update on laser ionization seeding simulations},
  Author                   = {J.Vieira,P.Muggli,L.Silva},
  Url                      = {https://indico.cern.ch/event/254768/session/8/contribution/13/attachments/445763/618218/AWAKE_Duesseldorf.pdf},
  Year                     = {2013},

  Owner                    = {tigra},
  Timestamp                = {2016.03.23}
}

@Article{GOL3,
  Title                    = {Progress in multimirror trap GOL-3},
  Author                   = {Koidan V.S., Arzhannikov A.V., Astrelin V.T. et al.},
  Journal                  = {Fusion Engineering and Design},
  Year                     = {2005},
  Number                   = {1T},
  Pages                    = {35-42},
  Volume                   = {47}
}

@Article{Kraeva2001,
  Title                    = {Assembly technology for parallel realization of numerical models on MIMD-multicomputers },
  Author                   = {M.A. Kraeva and V.E. Malyshkin},
  Journal                  = {Future Generation Computer Systems },
  Year                     = {2001},
  Note                     = {I: PaCT. II: \{HPC\} applications },
  Number                   = {6},
  Pages                    = {755 - 765},
  Volume                   = {17},

  Abstract                 = {The main ideas of the assembly technology (AT) in its application to parallel realization of big size numerical models on a rectangular mesh are considered and demonstrated by the parallelization of the particle-in-cell (PIC) method. The realization of the numerical models with the assembly technology is based on the construction of a fragmented parallel program. This provides different useful properties of the target program including dynamic load balance on the basis of the fragments flying from overloaded to underloaded processor elements of a multicomputer. },
  Doi                      = {http://dx.doi.org/10.1016/S0167-739X(00)00058-3},
  ISSN                     = {0167-739X},
  Keywords                 = {Assembly technology},
  Url                      = {http://www.sciencedirect.com/science/article/pii/S0167739X00000583}
}

@Article{lasin,
  Title                    = {Electromagnetic and relativistic plasma simulation models},
  Author                   = {Langdon A.B., Lasinski B.F.},
  Journal                  = {Methods in Computational Physics},
  Year                     = {1976},
  Pages                    = {327-366},
  Volume                   = {16}
}

@Article{Lee2011,
  Title                    = {A generalized weight-based particle-in-cell simulation scheme },
  Author                   = {W.W. Lee and T.G. Jenkins and S. Ethier},
  Journal                  = {Computer Physics Communications },
  Year                     = {2011},
  Number                   = {3},
  Pages                    = {564 - 569},
  Volume                   = {182},

  Abstract                 = {A generalized weight-based particle simulation scheme suitable for simulating magnetized plasmas, where the zeroth-order inhomogeneity is important, is presented. The scheme is an extension of the perturbative simulation schemes developed earlier for particle-in-cell (PIC) simulations. The new scheme is designed to simulate both the perturbed distribution (δf) and the full distribution (full-F) within the same code. The development is based on the concept of multiscale expansion, which separates the scale lengths of the background inhomogeneity from those associated with the perturbed distributions. The potential advantage for such an arrangement is to minimize the particle noise by using δf in the linear stage of the simulation, while retaining the flexibility of a full-F capability in the fully nonlinear stage of the development when signals associated with plasma turbulence are at a much higher level than those from the intrinsic particle noise. },
  Doi                      = {http://dx.doi.org/10.1016/j.cpc.2010.10.013},
  ISSN                     = {0010-4655},
  Keywords                 = {Gyrokinetic particle simulation},
  Url                      = {http://www.sciencedirect.com/science/article/pii/S001046551000408X}
}

@Article{Liao2014,
  Title                    = {MilkyWay-2 supercomputer: system and application},
  Author                   = {Liao, Xiangke and Xiao, Liquan and Yang, Canqun and Lu, Yutong},
  Journal                  = {Frontiers of Computer Science},
  Year                     = {2014},
  Number                   = {3},
  Pages                    = {345--356},
  Volume                   = {8},

  Abstract                 = {On June 17, 2013, MilkyWay-2 (Tianhe-2) supercomputer was crowned as the fastest supercomputer in the world on the 41th TOP500 list. This paper provides an overview of the MilkyWay-2 project and describes the design of hardware and software systems. The key architecture features of MilkyWay-2 are highlighted, including neo-heterogeneous compute nodes integrating commodity-off-the-shelf processors and accelerators that share similar instruction set architecture, powerful networks that employ proprietary interconnection chips to support the massively parallel message-passing communications, proprietary 16-core processor designed for scientific computing, efficient software stacks that provide high performance file system, emerging programming model for heterogeneous systems, and intelligent system administration. We perform extensive evaluation with wide-ranging applications from LINPACK and Graph500 benchmarks to massively parallel software deployed in the system.},
  Doi                      = {10.1007/s11704-014-3501-3},
  ISSN                     = {2095-2236},
  Owner                    = {tigra},
  Timestamp                = {2016.02.28},
  Url                      = {http://dx.doi.org/10.1007/s11704-014-3501-3}
}

@Article{Liewer1989,
  Title                    = {A general concurrent algorithm for plasma particle-in-cell simulation codes },
  Author                   = {Paulett C Liewer and Viktor K Decyk},
  Journal                  = {Journal of Computational Physics },
  Year                     = {1989},
  Number                   = {2},
  Pages                    = {302 - 322},
  Volume                   = {85},

  Abstract                 = {We have developed a new algorithm for implementing plasma particle-in-cell (PIC) simulation codes on concurrent processors with distributed memory. This algorithm, named the general concurrent \{PIC\} algorithm (GCPIC), has been used to implement an electrostatic \{PIC\} code on the 32-node \{JPL\} Mark \{III\} Hypercube parallel computer. To decompose a \{PIC\} code using the \{GCPIC\} algorithm, the physical domain of the particle simulation is divided into sub-domains, equal in number to the number of processors, such that all sub-domains have roughly equal numbers of particles. For problems with non-uniform particle densities, these sub-domains will be of unequal physical size. Each processor is assigned a sub-domain and is responsible for updating the particles in its sub-domain. This algorithm has led to a very efficient parallel implementation of a well-benchmarked 1-dimensional \{PIC\} code. The dominant portion of the code, updating the particle positions and velocities, is nearly 100% efficient when the number of particles is increased linearly with the number of hypercube processors used so that the number of particles per processor is constant. For example, the increase in time spent updating particles in going from a problem with 11,264 particles run on 1 processor to 360,448 particles on 32 processors was only 3% (parallel efficiency of 97%). Although implemented on a hypercube concurrent computer, this algorithm should also be efficient for \{PIC\} codes on other parallel architectures and for large \{PIC\} codes on sequential computers where part of the data must reside on external disks. },
  Doi                      = {http://dx.doi.org/10.1016/0021-9991(89)90153-8},
  ISSN                     = {0021-9991},
  Url                      = {http://www.sciencedirect.com/science/article/pii/0021999189901538}
}

@Conference{Lu2015,
  Title                    = {Overview of Tianhe2 System and Applications},
  Author                   = {Yutong Lu},
  Booktitle                = {Russian Supercomputer Days},
  Year                     = {2015},

  Owner                    = {tigra},
  Timestamp                = {2016.02.28}
}

@Electronic{MorganPhi,
  Title                    = {Intel slaps Xeon Phi brand on MIC coprocessors},
  Author                   = {Timothy Prickett Morgan},
  Url                      = {http://www.theregister.co.uk/2012/06/18/intel_mic_xeon_phi_cray/},

  Owner                    = {tigra},
  Timestamp                = {2016.03.24}
}

@Article{Goedheer1997,
  Title                    = {A self-consistent fluid model for radio-frequency discharges in SiH4–H2 compared to experiments},
  Author                   = {Nienhuis, G. J. and Goedheer, W. J. and Hamers, E. A. G. and van Sark, W. G. J. H. M. and Bezemer, J.},
  Journal                  = {Journal of Applied Physics},
  Year                     = {1997},
  Number                   = {5},
  Pages                    = {2060-2071},
  Volume                   = {82},

  Doi                      = {http://dx.doi.org/10.1063/1.366016},
  Url                      = {http://scitation.aip.org/content/aip/journal/jap/82/5/10.1063/1.366016}
}

@Article{Ono2015,
  Title                    = {TOMBO: All-electron mixed-basis approach to condensed matter physics },
  Author                   = {Shota Ono and Yoshifumi Noguchi and Ryoji Sahara and Yoshiyuki Kawazoe and Kaoru Ohno},
  Journal                  = {Computer Physics Communications },
  Year                     = {2015},
  Pages                    = {20 - 30},
  Volume                   = {189},

  Abstract                 = {Abstract \{TOMBO\} is a computer code for calculating the electronic structure of systems that consist both of core and valence electrons and nuclei, based on density-functional theory. It is based on an all-electron mixed-basis approach, in which the Kohn–Sham (KS) wave function is expressed by a linear combination of plane-waves and atomic-orbitals. This approach can describe both spatially localized and extended orbitals, which enables us to perform all-electron calculations with high accuracy from isolated clusters to periodic crystals. The present paper describes a theory of the all-electron mixed-basis approach, as well as input variables and benchmark tests in TOMBO. The algorithm for accelerating the computational time that is needed to solve the \{KS\} equation is also presented. },
  Doi                      = {http://dx.doi.org/10.1016/j.cpc.2014.11.012},
  ISSN                     = {0010-4655},
  Keywords                 = {Density functional theory},
  Url                      = {http://www.sciencedirect.com/science/article/pii/S0010465514003956}
}

@Article{Parker1993,
  Title                    = {A fully nonlinear characteristic method for gyrokinetic simulation},
  Author                   = {Parker, S. E. and Lee, W. W.},
  Journal                  = {Physics of Fluids B},
  Year                     = {1993},
  Number                   = {1},
  Pages                    = {77-86},
  Volume                   = {5},

  Doi                      = {http://dx.doi.org/10.1063/1.860870},
  Url                      = {http://scitation.aip.org/content/aip/journal/pofb/5/1/10.1063/1.860870}
}

@Article{RussellIEEE,
  Title                    = {The solar wind interaction with the Earth's magnetosphere: a tutorial},
  Author                   = {Russell, C.T.},
  Journal                  = {Plasma Science, IEEE Transactions on},
  Year                     = {2000},

  Month                    = {Dec},
  Number                   = {6},
  Pages                    = {1818-1830},
  Volume                   = {28},

  Doi                      = {10.1109/27.902211},
  ISSN                     = {0093-3813},
  Keywords                 = {magnetosphere;reviews;solar wind;IMF direction;drag;dynamic pressure;magnetic flux transfer;magnetosphere;magnetotail;reconnection;shape;size;solar wind interaction;solar wind magnetosphere interaction;tangential stress;Earth;Magnetic fields;Magnetic flux;Magnetic properties;Magnetosphere;Numerical simulation;Plasma properties;Shape;Stress;Tutorial}
}

@Article{snyt,
  Title                    = {Supercomputer simulation of plasma electron heat conductivity decrease due to relativistic electron beam relaxation },
  Author                   = {Aleksey Snytnikov},
  Journal                  = {Procedia Computer Science },
  Year                     = {2010},
  Note                     = {\{ICCS\} 2010 },
  Number                   = {1},
  Pages                    = {607 - 615},
  Volume                   = {1},

  Abstract                 = {A 3D kinetic study of the relaxation processes caused by the propagation of an electron beam in high-temperature plasma was carried out. This problem has two dierent spatial scales: the plasma Debye length and the beam-plasma interaction wavelength, that is some 10 or 100 times larger, thus one needs high-performance computing to observe the two lengths at once. The mathematical model is built on the basis of the Particle-in-Cell (PIC) method. The algorithm was parallelized by means of the mixed Lagrange-Eulerian domain decomposition. The parallelization eciency is presented as well as the performance of the program achieved with four dierent clusters. The performance tests show that it is necessary to provide a good memory bandwidth for the cluster if one wants to achieve good performance on real physical problems. It is shown that the emergence of regions with small electron energy flow observed in computations is connected with the decrease of electron heat conductivity. Beam relaxation leads to electron heat conductivity decrease by two or three orders of magnitude. },
  Doi                      = {http://dx.doi.org/10.1016/j.procs.2010.04.065},
  ISSN                     = {1877-0509},
  Keywords                 = {Parallel computing},
  Url                      = {http://www.sciencedirect.com/science/article/pii/S1877050910000669}
}

@Article{Springel2015,
  Title                    = {{A unified model for AGN feedback in cosmological simulations of structure formation}},
  Author                   = {{Springel}, V. and {Sijacki}, D. and {Di Matteo}, T. and {Hernquist}, L. },
  Journal                  = {Monthly Notices of the Royal Astronomical Society},
  Year                     = {2007},

  Month                    = sep,
  Pages                    = {877-900},
  Volume                   = {380},

  Adsnote                  = {Provided by the SAO/NASA Astrophysics Data System},
  Adsurl                   = {http://adsabs.harvard.edu/abs/2007MNRAS.380..877S},
  Archiveprefix            = {arXiv},
  Doi                      = {10.1111/j.1365-2966.2007.12153.x},
  Eprint                   = {0705.2238},
  Keywords                 = {black hole physics, methods: numerical, galaxies: clusters: general, galaxies: formation, cosmology: theory}
}

@Article{Stijnman2003,
  Title                    = {Partitioning 3D space for parallel many-particle simulations },
  Author                   = {M.A. Stijnman and R.H. Bisseling and G.T. Barkema},
  Journal                  = {Computer Physics Communications },
  Year                     = {2003},
  Number                   = {3},
  Pages                    = {121 - 134},
  Volume                   = {149},

  Abstract                 = {In a common approach for parallel processing applied to simulations of many-particle systems with short-ranged interactions and uniform density, the cubic simulation box is partitioned into domains of equal shape and size, each of which is assigned to one processor. We compare the commonly used simple-cubic (SC) domain shape to domain shapes chosen as the Voronoi cells of BCC, FCC, and \{HCP\} sphere packings. The latter three are found to result in superior partitionings with respect to communication overhead. Scaling of the domain shape is used to extend the range of applicability of these partitionings to a large set of processor numbers. The higher efficiency with \{BCC\} and \{FCC\} partitionings is demonstrated in simulations of the sillium model for amorphous silicon. },
  Doi                      = {http://dx.doi.org/10.1016/S0010-4655(02)00628-8},
  ISSN                     = {0010-4655},
  Keywords                 = {Parallel computing},
  Url                      = {http://www.sciencedirect.com/science/article/pii/S0010465502006288}
}

@Article{Sydora1999,
  Title                    = {Low-noise electromagnetic and relativistic particle-in-cell plasma simulation models },
  Author                   = {R.D. Sydora},
  Journal                  = {Journal of Computational and Applied Mathematics },
  Year                     = {1999},
  Number                   = {1–2},
  Pages                    = {243 - 259},
  Volume                   = {109},

  Abstract                 = {Self-consistent electromagnetic plasma simulation models based on the particle-in-cell algorithm and having low-noise properties are considered here. The basic algorithm for the time integration of the particle equations of motion and the electromagnetic fields is reviewed along with various methods of nonrandom initializations designed to achieve a quiet start for the initial value nonlinear simulations. The formulation of an electromagnetic plasma simulation algorithm designed to follow only the perturbed part of the distribution function using Lagrangian marker particles is described in detail. Tests of the algorithms have been made using the class of electromagnetic instabilities driven by anisotropic temperature distributions and the results demonstrate the utility of the methods. },
  Doi                      = {http://dx.doi.org/10.1016/S0377-0427(99)00161-2},
  ISSN                     = {0377-0427},
  Keywords                 = {Plasma simulation},
  Url                      = {http://www.sciencedirect.com/science/article/pii/S0377042799001612}
}

@Article{TimofeevPoPTrap2006,
  Title                    = {Relaxation of a relativistic electron beam in plasma in the trapping regime},
  Author                   = {Timofeev, I. V. and Lotov, K. V.},
  Journal                  = {Physics of Plasmas},
  Year                     = {2006},
  Number                   = {6},
  Volume                   = {13},

  Doi                      = {http://dx.doi.org/10.1063/1.2217934},
  Eid                      = {062312},
  Url                      = {http://scitation.aip.org/content/aip/journal/pop/13/6/10.1063/1.2217934}
}

@Article{TimofeevPoP2009,
  Title                    = {Direct computation of the growth rate for the instability of a warm relativistic electron beam in a cold magnetized plasma},
  Author                   = {Timofeev, I. V. and Lotov, K. V. and Terekhov, A. V.},
  Journal                  = {Physics of Plasmas},
  Year                     = {2009},
  Number                   = {6},
  Volume                   = {16},

  Doi                      = {http://dx.doi.org/10.1063/1.3143707},
  Eid                      = {063101},
  Owner                    = {tigra},
  Timestamp                = {2016.02.28},
  Url                      = {http://scitation.aip.org/content/aip/journal/pop/16/6/10.1063/1.3143707}
}

@Article{Toomre1964,
  Title                    = {{On the gravitational stability of a disk of stars}},
  Author                   = {{Toomre}, A.},
  Journal                  = {Astrophysical Journal},
  Year                     = {1964},

  Month                    = may,
  Pages                    = {1217-1238},
  Volume                   = {139},

  Adsnote                  = {Provided by the SAO/NASA Astrophysics Data System},
  Adsurl                   = {http://adsabs.harvard.edu/abs/1964ApJ...139.1217T},
  Doi                      = {10.1086/147861}
}

@InProceedings{MalyshkinPaCTSingapore,
  Title                    = {Linearized Mass Computation},
  Author                   = {Malyshkin V.E.},
  Booktitle                = {Proceedings of PaCT-91 International Conference},
  Year                     = {1991},
  Editor                   = {Mirenkov N.N.},
  Pages                    = {339 - 353},
  Publisher                = {World Scientific, Singapore},

  Owner                    = {snytav},
  Timestamp                = {2016.02.29}
}

@Article{Vahedi1995,
  Title                    = {A Monte Carlo collision model for the particle-in-cell method: applications to argon and oxygen discharges },
  Author                   = {V. Vahedi and M. Surendra},
  Journal                  = {Computer Physics Communications },
  Year                     = {1995},
  Note                     = {Particle Simulation Methods },
  Number                   = {1–2},
  Pages                    = {179 - 198},
  Volume                   = {87},

  Abstract                 = {In order to use particle-in-cell (PIC) simulation codes for modeling collisional plasmas and self-sustained discharges, it is necessary to add interactions between charged and neutral particles. In conventional Monte Carlo schemes the time or distance between collisions for each particle is calculated using random numbers. This procedure allows for efficient algorithms but is not compatible with \{PIC\} simulations where the charged particle trajectories are all integrated simultaneously in time. A Monte Carlo collision (MCC) package including the null collision method has been developed, as an addition to the usual \{PIC\} charged particle scheme which will be discussed here. We will also present results from simulations of argon and oxygen discharges, and compare our argon simulation results with experimental measurements. },
  Doi                      = {http://dx.doi.org/10.1016/0010-4655(94)00171-W},
  ISSN                     = {0010-4655},
  Url                      = {http://www.sciencedirect.com/science/article/pii/001046559400171W},
}

@Article{Vlad2001,
  Title                    = {Gridless finite-size-particle plasma simulation },
  Author                   = {G. Vlad and S. Briguglio and G. Fogaccia and B.Di Martino},
  Journal                  = {Computer Physics Communications },
  Year                     = {2001},
  Number                   = {1},
  Pages                    = {58 - 77},
  Volume                   = {134},

  Abstract                 = {The main features of gridless finite-size-particle (FSP) codes are discussed, from the point of view of the performances that can be obtained, with respect both to the spatial-resolution level and the efficiency of parallel particle simulations. It is shown that such codes are particularly suited for particle-decomposition parallelization on distributed-memory architectures, as they present a strong reduction, in comparison with particle-in-cell (PIC) codes, of the memory overhead related to storing the replicated fluctuating-field arrays. },
  Doi                      = {http://dx.doi.org/10.1016/S0010-4655(00)00191-0},
  ISSN                     = {0010-4655},
  Owner                    = {tigra},
  Timestamp                = {2016.02.27},
  Url                      = {http://www.sciencedirect.com/science/article/pii/S0010465500001910}
}

@Article{Wang2011,
  Title                    = {A Particle-in-cell Method with Adaptive Phase-space Remapping for Kinetic Plasmas},
  Author                   = {B. Wang and G. H. Miller and P. Colella},
  Journal                  = {SIAM Journal on Scientific Computing},
  Year                     = {2011},
  Number                   = {6},
  Pages                    = {3509-3537},
  Volume                   = {33},

  Doi                      = {10.1137/100811805},
  Eprint                   = { http://dx.doi.org/10.1137/100811805 
},
  Url                      = { http://dx.doi.org/10.1137/100811805 
}
}

@InProceedings{Yang2008,
  Title                    = {High-performance computing for drug design},
  Author                   = {M. Qu Yang and J. Y. Yang},
  Booktitle                = {Bioinformatics and Biomeidcine Workshops, 2008. BIBMW 2008. IEEE International Conference on},
  Year                     = {2008},
  Month                    = {Nov},
  Pages                    = {120-120},

  Doi                      = {10.1109/BIBMW.2008.4686222},
  Keywords                 = {biochemistry;drugs;medical computing;molecular biophysics;parallel machines;proteins;ab initio quantum chemistry methods;bioinformatics;biological networks;biomedicine;data superhighway system;density functional theory;diseases;drug design;drug discovery;gene finding;high-performance computing;high-performance supercomputers;molecular dynamics;protein docking;protein structural changes;protein structural prediction;quantum calculations;receptor-ligand interactions;semiempirical quantum mechanics methods;sequence analysis;supercomputing;systems biology;Bioinformatics;Biological system modeling;Biology computing;Biomedical computing;Computational modeling;Drugs;Government;Predictive models;Proteins;Quantum mechanics}
}

@InProceedings{SnytAbrau2009,
  Title                    = {Моделирование на суперЭВМ аномальной теплопроводности в плазме термоядерной ловушки},
  Author                   = {Снытников А.В.},
  Booktitle                = {Труды всероссийской суперкомпьютерной конференции <<Научный сервис в сети Интернет: масштабируемость, параллельность, эффективность>>},
  Year                     = {2009},

  Owner                    = {snytav},
  Timestamp                = {2016.02.29}
}

@Article{Abramov,
  Title                    = {Исследование ионной бомбардировки пленок аморфного кремния в процессе плазмохимического осаждения в высокочастотном разряде},
  Author                   = {Абрамов А.С., Виноградов А.Я., Косарев А.И., Смирнов А.С., Орлов К.Е., Шутов М.В.},
  Journal                  = {Журнал Технической Физики},
  Year                     = {1998},
  Number                   = {2},
  Pages                    = {52-59},
  Volume                   = {68},

  Owner                    = {snytav},
  Timestamp                = {2016.02.29}
}

@InBook{MohographyKhoroshevsky,
  Title                    = {Вычислительные методы, алгоритмы и аппаратурно-программный инструментарий параллельного моделирования природных процессов: монография},
  Author                   = {Астрелин В. Т., Бурдаков А. В., Вшивков В. А., Снытников А. В.},
  Chapter                  = {Исследование коллективных процессов в плазме многопробочной ловущки и магнитного поля, Гл.4},
  Editor                   = {В.Г. Хорошевский},
  Pages                    = {97-125},
  Publisher                = {Изд-во СО РАН},
  Year                     = {2012},

  Owner                    = {tigra},
  Timestamp                = {2016.02.27}
}

@Article{Burdakov,
  Title                    = {Подавление теплопроводности и генерация ионно-звуковых волн при нагреве плазмы электронным пучком},
  Author                   = {Астрелин В.Т., Бурдаков А.В., Поступаев В.В.},
  Journal                  = {Физика плазмы},
  Year                     = {1998},
  Volume                   = {24},

  Owner                    = {tigra},
  Timestamp                = {2016.02.27}
}

@Book{Boreskov,
  Title                    = {Основы работы с технологией CUDA},
  Author                   = {Боресков А. В., Харламов А. А.},
  Publisher                = {ДМК Пресс},
  Year                     = {2010},

  Owner                    = {tigra},
  Timestamp                = {2016.03.24}
}

@Article{Boronina2007,
  Title                    = {Алгоритм для трехмерного моделирования ультрарелятивистских пучков},
  Author                   = {Боронина М.А., Вшивков В.А., Левичев Е.Б., Никитин С.А., Снытников В.Н.},
  Journal                  = {Вычислительные методы и программирование},
  Year                     = {2007},
  Number                   = {2},
  Pages                    = {203-210},
  Volume                   = {8},

  Owner                    = {tigra},
  Timestamp                = {2016.03.26}
}

@Article{Schweigert,
  Title                    = {Численное моделирование стационарной функции распределения электронов в слабоионизованном газе в неоднородных электрических полях},
  Author                   = {В.А.Швейгерт},
  Journal                  = {Прикладная механика и техническая физика},
  Year                     = {1989},
  Number                   = {5},
  Pages                    = {3-7},

  Owner                    = {snytav},
  Timestamp                = {2016.02.29}
}

@Book{TurbPlasma,
  Title                    = {Теория турбулентной плазмы},
  Author                   = {Цытович В.Н.},
  Publisher                = {Атомиздат},
  Year                     = {1971},

  Owner                    = {snytav},
  Timestamp                = {2016.02.29}
}

@Book{Iljin,
  Title                    = {Методы неполной факторизации для решения алгебраических систем.},
  Author                   = {Ильин В.П.},
  Publisher                = {М.: Наука},
  Year                     = {1995},

  Owner                    = {tigra},
  Timestamp                = {2016.03.23}
}

@Book{MalyshkinSynthesis,
  Title                    = {Синтез параллельных программ и систем на вычислительных моделях.},
  Author                   = {Вальковский В.А., Малышкин В.Э.},
  Publisher                = {"Наука", Сибирское отд-е, Новосибирск},
  Year                     = {1988},

  Owner                    = {tigra},
  Timestamp                = {2016.03.29}
}

@Article{laser,
  Title                    = {Алгоритмы решения задачи взаимодействия лазерного импульса с плазмой},
  Author                   = {Вшивков В.А., Вшивков К.В., Дудникова Г.И.},
  Journal                  = {Вычислительные технологии},
  Year                     = {2001},
  Number                   = {2},
  Pages                    = {47-63},
  Volume                   = {6}
}

@Article{VshivkovAuto2003,
  Title                    = {О параллельной реализации численной модели физики гравитирующих систем},
  Author                   = {Вшивков В.А., Кукшева Э.А., Никитин С.А., Снытников А.В., Снытников В.Н.},
  Journal                  = {Автометрия},
  Year                     = {2003},
  Number                   = {3},
  Pages                    = {115--123},
  Volume                   = {39},

  Publisher                = {Издательство СО РАН}
}

@Article{Fridman1985,
  Title                    = {Лабораторное моделирование процесса генерации спиральной структуры галактик (теория и эксперимент)},
  Author                   = {Морозов А. Г. and Незлин М. В.and Снежкин Е. Н. and Фридман А. М.},
  Journal                  = {Успехи физических наук},
  Year                     = {1985},
  Number                   = {1},
  Pages                    = {160-165},
  Volume                   = {145},

  Doi                      = {10.3367/UFNr.0145.198501o.0160},
  Publisher                = {Успехи физических наук},
  Url                      = {http://ufn.ru/ru/articles/1985/1/o/}
}

@InProceedings{Gorbas,
  Title                    = {Высокопроизводительные решения IBM},
  Author                   = {Горбас},
  Booktitle                = {Научный сервис в сети Интернет: многообразие суперкомпьютерных миров: Труды Международной суперкомпьютерной конференции (22-27 сентября 2014 г., г. Новороссийск).},
  Year                     = {2014},

  Owner                    = {tigra},
  Timestamp                = {2016.03.20}
}

@Book{Vshivkov,
  Title                    = {Численное моделирование методами частиц в ячейках},
  Author                   = {Григорьев Ю.Н., Вшивков В.А., Федорук М.П.},
  Publisher                = {Изд-во С},
  Year                     = {2004},

  Owner                    = {tigra},
  Timestamp                = {2016.02.28}
}

@PhdThesis{Wiens,
  Title                    = {ИМИТАЦИОННОЕ МОДЕЛИРОВАНИЕ УПРАВЛЯЮЩИХ И ВЫЧИСЛИТЕЛЬНЫХ ПРОЦЕССОВ ВЫЧИСЛИТЕЛЬНЫХ СИСТЕМ ПЕТА И ЭКЗАФЛОПСНОЙ ПРОИЗВОДИТЕЛЬНОСТИ},
  Author                   = {Винс Д.В.},
  School                   = {ИВМиМГ СО РАН},
  Year                     = {2016},

  Owner                    = {tigra},
  Timestamp                = {2016.04.21}
}

@Book{Demmel,
  Title                    = {Вычислительная линейная алгебра. Теория и приложения},
  Author                   = {Деммель Дж.},
  Publisher                = {М.: Мир},
  Year                     = {2001},

  Owner                    = {tigra},
  Timestamp                = {2016.03.23}
}

@Book{Sanders,
  Title                    = {Технология CUDA в примерах},
  Author                   = {Джейсон Сандерс, Эдвард Кэндрот},
  Publisher                = {ДМК Пресс},
  Year                     = {2011},

  Owner                    = {tigra},
  Timestamp                = {2016.03.24}
}

@Book{SamNik,
  Title                    = {Методы решения сеточных уравнений.},
  Author                   = {Самарский А.А.; Николаев Е.С.},
  Publisher                = {М.: Наука},
  Year                     = {1978},

  Owner                    = {tigra},
  Timestamp                = {2016.03.23}
}

@Book{Mikhailov,
  Title                    = {Курс статистического моделирования},
  Author                   = {Ермаков С.М., Михайлов Г.А.},
  Publisher                = {М. "Наука"},
  Year                     = {1976},

  Owner                    = {tigra},
  Timestamp                = {2016.03.25}
}

@InProceedings{KarpovPaVT2009,
  Title                    = {Моделирование динамики плазмы в прерывателе тока с использованием высокопроизводительного вычислительного кластера},
  Author                   = {Карпов В.Е., Лобанов А.И.},
  Booktitle                = {Труды международной научной конференции (Нижний Новгород)},
  Year                     = {2009},

  Owner                    = {tigra},
  Timestamp                = {2016.02.28}
}

@Article{lotov1,
  Title                    = {Переходный режим одномерной двухпотоковой неустойчивости},
  Author                   = {Лотов К.В., Тимофеев И.В.},
  Journal                  = { Вестник НГУ. Серия: Физика},
  Year                     = {2008},
  Number                   = {1},
  Pages                    = {62 - 65},
  Volume                   = {3}
}

@Article{lotov2,
  Title                    = {О насыщении двухпотоковой неустойчивости электронного пучка в плазме},
  Author                   = {Лотов К.В., Терехов А.В., Тимофеев И.В.},
  Journal                  = {Физика плазмы},
  Year                     = {2009},
  Number                   = {6},
  Pages                    = {567 - 574},
  Volume                   = {35}
}

@Article{MalyshkinTsigulin,
  Title                    = {ParaGen — Генератор параллельных программ, реализующих численные модели},
  Author                   = {Малышкин В. Э., Цыгулин А. А.},
  Journal                  = {Автометрия},
  Year                     = {2003},
  Number                   = {3},
  Pages                    = {124–135},

  Owner                    = {snytav},
  Timestamp                = {2016.02.29}
}

@Book{PolyachenkoFridman,
  Title                    = {Равновесие и устойчивость гравитирующих систем},
  Author                   = {Поляченко В.Л., Фридман А.М.},
  Publisher                = {М.: Наука},
  Year                     = {1976},

  Owner                    = {tigra},
  Timestamp                = {2016.02.28}
}

@Book{SamarskiMatMod,
  Title                    = {Математическое моделирование: Идеи. Методы. Примеры.},
  Author                   = {Самарский А А, Михайлов А П},
  Publisher                = {Физматлит},
  Year                     = {2001},

  Owner                    = {snytav},
  Timestamp                = {2016.02.26}
}

@Article{SnytnikovVychTech2002,
  Title                    = {Численное моделирование гравитационных систем многих тел с газом},
  Author                   = {Снытников В.Н., Пармон В.Н., Вшивков В.А., Дудникова Г.И., Никитин С.А., Снытников А.В.},
  Journal                  = {Вычислительные технологии},
  Year                     = {2002},
  Number                   = {3},
  Pages                    = {72-84},
  Volume                   = {7},

  Owner                    = {tigra},
  Timestamp                = {2016.04.21}
}

@Article{SteYuz13,
  Title                    = {Эксафлопсные суперЭВМ. Контуры архитектуры},
  Author                   = {Степаненко С.~А.~, Южаков В.~В.~},
  Journal                  = {Программные системы: теория и приложения},
  Year                     = {2013},
  Number                   = {4},
  Pages                    = {61-90},
  Volume                   = {4}
}

@Book{HockneyEastwood,
  Title                    = {Численное моделирование методом частиц},
  Author                   = {Хокни Р., Иствуд Д.},
  Publisher                = {Мир},
  Year                     = {1987},

  Owner                    = {tigra},
  Timestamp                = {2016.02.28}
}

@Book{Hoc1,
  Title                    = {Вычислительные методы в физике плазмы},
  Editor                   = {Б.Олдера, С.Фернбах, М.Ротенберг},
  Publisher                = {М: "Мир"},
  Year                     = {1974}
}


@InProceedings{Lacis2014,
  Title                    = {Ну и что же нам теперь делать с этим многообразием суперкомпьютерных миров? Попытка конструктивного систематического подхода к сопоставлению суперкомпьютерных архитектур},
  Booktitle                = {Научный сервис в сети Интернет: многообразие суперкомпьютерных миров: Труды Международной суперкомпьютерной конференции},
  Year                     = {2014},
  Pages                    = {188-190},
  Publisher                = {Изд-во МГУ}
}

@InProceedings{Abrau2011,
  Booktitle                = {Научный сервис в сети Интернет: экзафлопсное будущее: Труды Международной суперкомпьютерной конференции},
  Year                     = {2011},

  Address                  = {Москва},
  Publisher                = {Изд-во МГУ},

  ISBN                     = {978-5-211-06229-0},
  Location                 = {Новороссийск, Россия},
  Numpages                 = {643}
}

@Book{Mikhailovsky,
  Title                    = {Теория плазменных неустойчивостей},
  Publisher                = {Атомиздат},
  Year                     = {1975},
  Volume                   = {1},

  Owner                    = {snytav},
  Timestamp                = {2016.02.29}
}

