@inproceedings{pact03,
  author    = {Elvira A. Kuksheva and
               Victor E. Malyshkin and
               Serguei A. Nikitin and
               Alexei V. Snytnikov and
               Valery N. Snytnikov and
               Vitalii A. Vshivkov},
  title     = {Numerical Simulation of Self-Organisation in Gravitationally Unstable
               Media on Supercomputers},
  booktitle = {PaCT},
  series    = {Lecture Notes in Computer Science},
  volume    = {2763},
  pages     = {354--368},
  publisher = {Springer},
  year      = {2003}
}

@ARTICLE{AstrLet,
   author = {{Snytnikov}, V.~N. and {Vshivkov}, V.~A. and {Kuksheva}, E.~A. and 
	{Neupokoev}, E.~V. and {Nikitin}, S.~A. and {Snytnikov}, A.~V.
	},
    title = "{Three-Dimensional Numerical Simulation of a Nonstationary Gravitating N-Body System with Gas}",
  journal = {Astronomy Letters},
     year = 2004,
    month = feb,
   volume = 30,
    pages = {124-137},
      doi = {10.1134/1.1646697},
   adsurl = {https://ui.adsabs.harvard.edu/abs/2004AstL...30..124S},
  adsnote = {Provided by the SAO/NASA Astrophysics Data System}
}

@article{NSTU,
  author = {Вшивков, В.А.,Снытников, А. В.},
  title = {Вычисление на суперЭВМ температуры при моделировании высокотемпературной плазмы методом частиц в ячейках},
  journal = {Научный Вестник Новосибирского Государственного Тенического Университета},
  year = {2010},
  volume = {40},
  number = {3},
  pages = {61 -- 68},
  language = {russian},
}

@inproceedings{pact05,
 author = {Snytnikov, Alexey V. and Vshivkov, Vitaly A.},
 title = {A Multigrid Parallel Program for Protoplanetary Disc Simulation},
 booktitle = {Proceedings of the 8th International Conference on Parallel Computing Technologies},
 series = {PaCT'05},
 year = {2005},
 isbn = {3-540-28126-6, 978-3-540-28126-9},
 location = {Krasnoyarsk, Russia},
 pages = {457--467},
 numpages = {11},
 url = {http://dx.doi.org/10.1007/11535294_41},
 doi = {10.1007/11535294_41},
 acmid = {2153418},
 publisher = {Springer-Verlag},
 address = {Berlin, Heidelberg},
}

@article{AstroSuppl,
    doi = {10.1088/0067-0049/194/2/47},
    url = {https://doi.org/10.1088%2F0067-0049%2F194%2F2%2F47},
    year = 2011,
    month = {jun},
    publisher = {{IOP} Publishing},
    volume = {194},
    number = {2},
    pages = {47},
    author = {V. A. Vshivkov and G. G. Lazareva and A. V. Snytnikov and I. M. Kulikov and A. V. Tutukov},
    title = {{HYDRODYNAMICAL} {CODE} {FOR} {NUMERICAL} {SIMULATION} {OF} {THE} {GAS} {COMPONENTS} {OF} {COLLIDING} {GALAXIES}},
    journal = {The Astrophysical Journal Supplement Series},
}